<?xml version="1.0" encoding="UTF-8"?><Document xmlns="urn:iso:std:iso:20022:tech:xsd:camt.054.001.02"><BkToCstmrDbtCdtNtfctn><GrpHdr><MsgId>SWEDSESSCRED202604280037284716</MsgId><CreDtTm>2026-04-28T15:39:04.224273</CreDtTm><MsgRcpt><Id><OrgId><Othr><Id>065567355671R043</Id><SchmeNm><Cd>BANK</Cd></SchmeNm></Othr></OrgId></Id></MsgRcpt><AddtlInf>CRED</AddtlInf></GrpHdr><Ntfctn><Id>SWEDSESSCRED20260428003728471600001</Id><CreDtTm>2026-04-28T15:39:04.224273</CreDtTm><Acct><Id><Othr><Id>890117041716684</Id><SchmeNm><Cd>BBAN</Cd></SchmeNm></Othr></Id><Ccy>SEK</Ccy><Ownr><Nm>PAYEX SVERIGE AB</Nm><Id><OrgId><Othr><Id>65567355671</Id><SchmeNm><Cd>BANK</Cd></SchmeNm></Othr></OrgId></Id></Ownr><Svcr><FinInstnId><BIC>SWEDSESS</BIC></FinInstnId></Svcr></Acct><TxsSummry><TtlNtries><NbOfNtries>3</NbOfNtries><Sum>2304633.28000</Sum></TtlNtries></TxsSummry><Ntry><Amt Ccy="SEK">108579.34</Amt><CdtDbtInd>CRDT</CdtDbtInd><Sts>BOOK</Sts><BookgDt><Dt>2026-04-28</Dt></BookgDt><AcctSvcrRef>2026042878879557</AcctSvcrRef><BkTxCd><Domn><Cd>PMNT</Cd><Fmly><Cd>NTAV</Cd><SubFmlyCd>NTAV</SubFmlyCd></Fmly></Domn></BkTxCd><NtryDtls><TxDtls><Refs><AcctSvcrRef>202604287887955700000001</AcctSvcrRef></Refs><AmtDtls><TxAmt><Amt Ccy="SEK">373.18</Amt></TxAmt></AmtDtls><RltdPties><Dbtr><Nm>Ozygot AB</Nm><PstlAdr><StrtNm>Sjöängsvägen 13</StrtNm><PstCd>17832</PstCd><TwnNm>EKERÖ</TwnNm><AdrLine>c/o Björling</AdrLine></PstlAdr><Id><OrgId><Othr><Id>5567569917</Id><SchmeNm><Cd>CUST</Cd></SchmeNm></Othr></OrgId></Id></Dbtr><DbtrAcct><Id><Othr><Id>2981421</Id><SchmeNm><Prtry>BGNR</Prtry></SchmeNm></Othr></Id></DbtrAcct><CdtrAcct><Id><Othr><Id>8817314</Id><SchmeNm><Prtry>BGNR</Prtry></SchmeNm></Othr></Id></CdtrAcct></RltdPties><RltdAgts><CdtrAgt><FinInstnId><BIC>SWEDSESS</BIC></FinInstnId></CdtrAgt></RltdAgts><RmtInf><Strd><RfrdDocInf><Tp><CdOrPrtry><Cd>CINV</Cd></CdOrPrtry></Tp><Nb>19020015482240</Nb></RfrdDocInf><RfrdDocAmt><RmtdAmt Ccy="SEK">373.18</RmtdAmt></RfrdDocAmt></Strd></RmtInf></TxDtls></NtryDtls><NtryDtls><TxDtls><Refs><AcctSvcrRef>202604287887955700000002</AcctSvcrRef></Refs><AmtDtls><TxAmt><Amt Ccy="SEK">5826.00</Amt></TxAmt></AmtDtls><RltdPties><Dbtr><Nm>Afecto Primärvård AB</Nm><PstlAdr><PstCd>12544</PstCd><TwnNm>ÄLVSJÖ</TwnNm><AdrLine>Solberga Hagväg 1</AdrLine></PstlAdr><Id><OrgId><Othr><Id>5594471020</Id><SchmeNm><Cd>CUST</Cd></SchmeNm></Othr></OrgId></Id></Dbtr><DbtrAcct><Id><Othr><Id>3138765</Id><SchmeNm><Prtry>BGNR</Prtry></SchmeNm></Othr></Id></DbtrAcct><CdtrAcct><Id><Othr><Id>8817314</Id><SchmeNm><Prtry>BGNR</Prtry></SchmeNm></Othr></Id></CdtrAcct></RltdPties><RltdAgts><CdtrAgt><FinInstnId><BIC>SWEDSESS</BIC></FinInstnId></CdtrAgt></RltdAgts><RmtInf><Strd><RfrdDocInf><Tp><CdOrPrtry><Cd>CINV</Cd></CdOrPrtry></Tp><Nb>18571204648844</Nb></RfrdDocInf><RfrdDocAmt><RmtdAmt Ccy="SEK">3584.00</RmtdAmt></RfrdDocAmt></Strd><Strd><RfrdDocInf><Tp><CdOrPrtry><Cd>CINV</Cd></CdOrPrtry></Tp><Nb>18571204641948</Nb></RfrdDocInf><RfrdDocAmt><RmtdAmt Ccy="SEK">2242.00</RmtdAmt></RfrdDocAmt></Strd></RmtInf></TxDtls></NtryDtls><NtryDtls><TxDtls><Refs><AcctSvcrRef>202604287887955700000003</AcctSvcrRef></Refs><AmtDtls><TxAmt><Amt Ccy="SEK">486.93</Amt></TxAmt></AmtDtls><RltdPties><Dbtr><Nm>OMI CARE AB</Nm><PstlAdr><StrtNm>Storgatan 40</StrtNm><PstCd>23331</PstCd><TwnNm>SVEDALA</TwnNm><AdrLine>c/o OMI CARE AB</AdrLine></PstlAdr><Id><OrgId><Othr><Id>5568631336</Id><SchmeNm><Cd>CUST</Cd></SchmeNm></Othr></OrgId></Id></Dbtr><DbtrAcct><Id><Othr><Id>7961212</Id><SchmeNm><Prtry>BGNR</Prtry></SchmeNm></Othr></Id></DbtrAcct><CdtrAcct><Id><Othr><Id>8817314</Id><SchmeNm><Prtry>BGNR</Prtry></SchmeNm></Othr></Id></CdtrAcct></RltdPties><RltdAgts><CdtrAgt><FinInstnId><BIC>SWEDSESS</BIC></FinInstnId></CdtrAgt></RltdAgts><RmtInf><Strd><RfrdDocInf><Tp><CdOrPrtry><Cd>CINV</Cd></CdOrPrtry></Tp><Nb>19020015701045</Nb></RfrdDocInf><RfrdDocAmt><RmtdAmt Ccy="SEK">486.93</RmtdAmt></RfrdDocAmt></Strd></RmtInf></TxDtls></NtryDtls><NtryDtls><TxDtls><Refs><AcctSvcrRef>202604287887955700000004</AcctSvcrRef></Refs><AmtDtls><TxAmt><Amt Ccy="SEK">1754.00</Amt></TxAmt></AmtDtls><RltdPties><Dbtr><Nm>Zootopia Vet AB</Nm><PstlAdr><PstCd>12155</PstCd><TwnNm>JOHANNESHOV</TwnNm><AdrLine>Lågskärsvägen 4</AdrLine></PstlAdr><Id><OrgId><Othr><Id>5590912472</Id><SchmeNm><Cd>CUST</Cd></SchmeNm></Othr></OrgId></Id></Dbtr><DbtrAcct><Id><Othr><Id>51928521</Id><SchmeNm><Prtry>BGNR</Prtry></SchmeNm></Othr></Id></DbtrAcct><CdtrAcct><Id><Othr><Id>8817314</Id><SchmeNm><Prtry>BGNR</Prtry></SchmeNm></Othr></Id></CdtrAcct></RltdPties><RltdAgts><CdtrAgt><FinInstnId><BIC>SWEDSESS</BIC></FinInstnId></CdtrAgt></RltdAgts><RmtInf><Strd><RfrdDocInf><Tp><CdOrPrtry><Cd>CINV</Cd></CdOrPrtry></Tp><Nb>19020016170349</Nb></RfrdDocInf><RfrdDocAmt><RmtdAmt Ccy="SEK">1754.00</RmtdAmt></RfrdDocAmt></Strd></RmtInf></TxDtls></NtryDtls><NtryDtls><TxDtls><Refs><AcctSvcrRef>202604287887955700000005</AcctSvcrRef></Refs><AmtDtls><TxAmt><Amt Ccy="SEK">139.00</Amt></TxAmt></AmtDtls><RltdPties><Dbtr><Nm>REAKTIVERING FURUHÖJDEN AB</Nm><PstlAdr><PstCd>18768</PstCd><TwnNm>TÄBY</TwnNm><AdrLine>GRIBBYLUNDSVÄGEN 75</AdrLine></PstlAdr><Id><OrgId><Othr><Id>5564071693</Id><SchmeNm><Cd>CUST</Cd></SchmeNm></Othr></OrgId></Id></Dbtr><DbtrAcct><Id><Othr><Id>58445735</Id><SchmeNm><Prtry>BGNR</Prtry></SchmeNm></Othr></Id></DbtrAcct><CdtrAcct><Id><Othr><Id>8817314</Id><SchmeNm><Prtry>BGNR</Prtry></SchmeNm></Othr></Id></CdtrAcct></RltdPties><RltdAgts><CdtrAgt><FinInstnId><BIC>SWEDSESS</BIC></FinInstnId></CdtrAgt></RltdAgts><RmtInf><Strd><RfrdDocInf><Tp><CdOrPrtry><Cd>CINV</Cd></CdOrPrtry></Tp><Nb>12062128</Nb></RfrdDocInf><RfrdDocAmt><RmtdAmt Ccy="SEK">139.00</RmtdAmt></RfrdDocAmt></Strd></RmtInf></TxDtls></NtryDtls><NtryDtls><TxDtls><Refs><AcctSvcrRef>202604287887955700000006</AcctSvcrRef></Refs><AmtDtls><TxAmt><Amt Ccy="SEK">3746.00</Amt></TxAmt></AmtDtls><RltdPties><Dbtr><Nm>LARS ÅKE SVENSSON</Nm><PstlAdr><StrtNm>SVALVÄGEN 49</StrtNm><PstCd>237 36</PstCd><TwnNm>BJÄRRED</TwnNm></PstlAdr></Dbtr><CdtrAcct><Id><Othr><Id>8817314</Id><SchmeNm><Prtry>BGNR</Prtry></SchmeNm></Othr></Id></CdtrAcct></RltdPties><RltdAgts><CdtrAgt><FinInstnId><BIC>SWEDSESS</BIC></FinInstnId></CdtrAgt></RltdAgts><RmtInf><Strd><RfrdDocInf><Tp><CdOrPrtry><Cd>CINV</Cd></CdOrPrtry></Tp><Nb>299503868125</Nb></RfrdDocInf><RfrdDocAmt><RmtdAmt Ccy="SEK">3746.00</RmtdAmt></RfrdDocAmt></Strd></RmtInf></TxDtls></NtryDtls><NtryDtls><TxDtls><Refs><AcctSvcrRef>202604287887955700000007</AcctSvcrRef></Refs><AmtDtls><TxAmt><Amt Ccy="SEK">8.88</Amt></TxAmt></AmtDtls><RltdPties><Dbtr><Nm>UROLOGIFOCUS I STOCKHOLM AB</Nm><PstlAdr><StrtNm>SANKT GÖRANSGATAN 126  5TR</StrtNm><PstCd>112 45</PstCd><TwnNm>STOCKHOLM</TwnNm><AdrLine>REBECCA TRYGG</AdrLine></PstlAdr></Dbtr><CdtrAcct><Id><Othr><Id>8817314</Id><SchmeNm><Prtry>BGNR</Prtry></SchmeNm></Othr></Id></CdtrAcct></RltdPties><RltdAgts><CdtrAgt><FinInstnId><BIC>SWEDSESS</BIC></FinInstnId></CdtrAgt></RltdAgts><RmtInf><Strd><RfrdDocInf><Tp><CdOrPrtry><Cd>CINV</Cd></CdOrPrtry></Tp><Nb>18571200421345</Nb></RfrdDocInf><RfrdDocAmt><RmtdAmt Ccy="SEK">8.88</RmtdAmt></RfrdDocAmt></Strd></RmtInf></TxDtls></NtryDtls><NtryDtls><TxDtls><Refs><AcctSvcrRef>202604287887955700000008</AcctSvcrRef></Refs><AmtDtls><TxAmt><Amt Ccy="SEK">547.00</Amt></TxAmt></AmtDtls><RltdPties><Dbtr><Nm>REGION GOTLAND</Nm><PstlAdr><PstCd>621 81</PstCd><TwnNm>VISBY</TwnNm></PstlAdr></Dbtr><CdtrAcct><Id><Othr><Id>8817314</Id><SchmeNm><Prtry>BGNR</Prtry></SchmeNm></Othr></Id></CdtrAcct></RltdPties><RltdAgts><CdtrAgt><FinInstnId><BIC>SWEDSESS</BIC></FinInstnId></CdtrAgt></RltdAgts><RmtInf><Strd><RfrdDocInf><Tp><CdOrPrtry><Cd>CINV</Cd></CdOrPrtry></Tp><Nb>18571204696942</Nb></RfrdDocInf><RfrdDocAmt><RmtdAmt Ccy="SEK">547.00</RmtdAmt></RfrdDocAmt></Strd></RmtInf></TxDtls></NtryDtls><NtryDtls><TxDtls><Refs><AcctSvcrRef>202604287887955700000009</AcctSvcrRef></Refs><AmtDtls><TxAmt><Amt Ccy="SEK">10863.72</Amt></TxAmt></AmtDtls><RltdPties><Dbtr><Nm>CAPIO S:T GÖRANS SJUKHUS AB</Nm><PstlAdr><StrtNm>S:T GÖRANSGATAN 141</StrtNm><PstCd>112 81</PstCd><TwnNm>STOCKHOLM</TwnNm><AdrLine>C/O EKONOMIAVD</AdrLine></PstlAdr></Dbtr><CdtrAcct><Id><Othr><Id>8817314</Id><SchmeNm><Prtry>BGNR</Prtry></SchmeNm></Othr></Id></CdtrAcct></RltdPties><RltdAgts><CdtrAgt><FinInstnId><BIC>SWEDSESS</BIC></FinInstnId></CdtrAgt></RltdAgts><RmtInf><Strd><RfrdDocInf><Tp><CdOrPrtry><Cd>CINV</Cd></CdOrPrtry></Tp><Nb>1507036353137</Nb></RfrdDocInf><RfrdDocAmt><RmtdAmt Ccy="SEK">10863.72</RmtdAmt></RfrdDocAmt></Strd></RmtInf></TxDtls></NtryDtls><NtryDtls><TxDtls><Refs><AcctSvcrRef>202604287887955700000010</AcctSvcrRef></Refs><AmtDtls><TxAmt><Amt Ccy="SEK">4359.30</Amt></TxAmt></AmtDtls><RltdPties><Dbtr><Nm>CAPIO S:T GÖRANS SJUKHUS AB</Nm><PstlAdr><StrtNm>S:T GÖRANSGATAN 141</StrtNm><PstCd>112 81</PstCd><TwnNm>STOCKHOLM</TwnNm><AdrLine>C/O EKONOMIAVD</AdrLine></PstlAdr></Dbtr><CdtrAcct><Id><Othr><Id>8817314</Id><SchmeNm><Prtry>BGNR</Prtry></SchmeNm></Othr></Id></CdtrAcct></RltdPties><RltdAgts><CdtrAgt><FinInstnId><BIC>SWEDSESS</BIC></FinInstnId></CdtrAgt></RltdAgts><RmtInf><Strd><RfrdDocInf><Tp><CdOrPrtry><Cd>CINV</Cd></CdOrPrtry></Tp><Nb>1507036351735</Nb></RfrdDocInf><RfrdDocAmt><RmtdAmt Ccy="SEK">4359.30</RmtdAmt></RfrdDocAmt></Strd></RmtInf></TxDtls></NtryDtls><NtryDtls><TxDtls><Refs><AcctSvcrRef>202604287887955700000011</AcctSvcrRef></Refs><AmtDtls><TxAmt><Amt Ccy="SEK">6072.50</Amt></TxAmt></AmtDtls><RltdPties><Dbtr><Nm>J.C. GENERAL SERVICES BV</Nm><PstlAdr><StrtNm>TURNHOUTSEWEG 30</StrtNm><PstCd>00000</PstCd><TwnNm>B-2340 BEERSE</TwnNm><Ctry>BE</Ctry></PstlAdr></Dbtr><CdtrAcct><Id><Othr><Id>8817314</Id><SchmeNm><Prtry>BGNR</Prtry></SchmeNm></Othr></Id></CdtrAcct></RltdPties><RltdAgts><CdtrAgt><FinInstnId><BIC>SWEDSESS</BIC></FinInstnId></CdtrAgt></RltdAgts><RmtInf><Strd><RfrdDocInf><Tp><CdOrPrtry><Cd>CINV</Cd></CdOrPrtry></Tp></RfrdDocInf><RfrdDocAmt><RmtdAmt Ccy="SEK">6072.50</RmtdAmt></RfrdDocAmt><AddtlRmtInf>12059834 on behalf of Janssen-Cilag  AB</AddtlRmtInf></Strd></RmtInf></TxDtls></NtryDtls><NtryDtls><TxDtls><Refs><AcctSvcrRef>202604287887955700000012</AcctSvcrRef></Refs><AmtDtls><TxAmt><Amt Ccy="SEK">712.00</Amt></TxAmt></AmtDtls><RltdPties><Dbtr><Nm>PRAKTIKERTJÄNST AB</Nm><PstlAdr><StrtNm>ADOLF FREDRIKS KYRKOGATA 9</StrtNm><PstCd>103 55</PstCd><TwnNm>STOCKHOLM</TwnNm></PstlAdr></Dbtr><CdtrAcct><Id><Othr><Id>8817314</Id><SchmeNm><Prtry>BGNR</Prtry></SchmeNm></Othr></Id></CdtrAcct></RltdPties><RltdAgts><CdtrAgt><FinInstnId><BIC>SWEDSESS</BIC></FinInstnId></CdtrAgt></RltdAgts><RmtInf><Strd><RfrdDocInf><Tp><CdOrPrtry><Cd>CINV</Cd></CdOrPrtry></Tp><Nb>18571205381049</Nb></RfrdDocInf><RfrdDocAmt><RmtdAmt Ccy="SEK">712.00</RmtdAmt></RfrdDocAmt></Strd></RmtInf></TxDtls></NtryDtls><NtryDtls><TxDtls><Refs><AcctSvcrRef>202604287887955700000013</AcctSvcrRef></Refs><AmtDtls><TxAmt><Amt Ccy="SEK">3818.18</Amt></TxAmt></AmtDtls><RltdPties><Dbtr><Nm>PRAKTIKERTJÄNST AB</Nm><PstlAdr><StrtNm>ADOLF FREDRIKS KYRKOGATA 9</StrtNm><PstCd>103 55</PstCd><TwnNm>STOCKHOLM</TwnNm></PstlAdr></Dbtr><CdtrAcct><Id><Othr><Id>8817314</Id><SchmeNm><Prtry>BGNR</Prtry></SchmeNm></Othr></Id></CdtrAcct></RltdPties><RltdAgts><CdtrAgt><FinInstnId><BIC>SWEDSESS</BIC></FinInstnId></CdtrAgt></RltdAgts><RmtInf><Strd><RfrdDocInf><Tp><CdOrPrtry><Cd>CINV</Cd></CdOrPrtry></Tp><Nb>18571205989841</Nb></RfrdDocInf><RfrdDocAmt><RmtdAmt Ccy="SEK">3818.18</RmtdAmt></RfrdDocAmt></Strd></RmtInf></TxDtls></NtryDtls><NtryDtls><TxDtls><Refs><AcctSvcrRef>202604287887955700000014</AcctSvcrRef></Refs><AmtDtls><TxAmt><Amt Ccy="SEK">15747.00</Amt></TxAmt></AmtDtls><RltdPties><Dbtr><Nm>PRAKTIKERTJÄNST AB</Nm><PstlAdr><StrtNm>ADOLF FREDRIKS KYRKOGATA 9</StrtNm><PstCd>103 55</PstCd><TwnNm>STOCKHOLM</TwnNm></PstlAdr></Dbtr><CdtrAcct><Id><Othr><Id>8817314</Id><SchmeNm><Prtry>BGNR</Prtry></SchmeNm></Othr></Id></CdtrAcct></RltdPties><RltdAgts><CdtrAgt><FinInstnId><BIC>SWEDSESS</BIC></FinInstnId></CdtrAgt></RltdAgts><RmtInf><Strd><RfrdDocInf><Tp><CdOrPrtry><Cd>CINV</Cd></CdOrPrtry></Tp><Nb>18571205450547</Nb></RfrdDocInf><RfrdDocAmt><RmtdAmt Ccy="SEK">15747.00</RmtdAmt></RfrdDocAmt></Strd></RmtInf></TxDtls></NtryDtls><NtryDtls><TxDtls><Refs><AcctSvcrRef>202604287887955700000015</AcctSvcrRef></Refs><AmtDtls><TxAmt><Amt Ccy="SEK">293.75</Amt></TxAmt></AmtDtls><RltdPties><Dbtr><Nm>PRAKTIKERTJÄNST AB</Nm><PstlAdr><StrtNm>ADOLF FREDRIKS KYRKOGATA 9</StrtNm><PstCd>103 55</PstCd><TwnNm>STOCKHOLM</TwnNm></PstlAdr></Dbtr><CdtrAcct><Id><Othr><Id>8817314</Id><SchmeNm><Prtry>BGNR</Prtry></SchmeNm></Othr></Id></CdtrAcct></RltdPties><RltdAgts><CdtrAgt><FinInstnId><BIC>SWEDSESS</BIC></FinInstnId></CdtrAgt></RltdAgts><RmtInf><Strd><RfrdDocInf><Tp><CdOrPrtry><Cd>CINV</Cd></CdOrPrtry></Tp><Nb>18571205660343</Nb></RfrdDocInf><RfrdDocAmt><RmtdAmt Ccy="SEK">293.75</RmtdAmt></RfrdDocAmt></Strd></RmtInf></TxDtls></NtryDtls><NtryDtls><TxDtls><Refs><AcctSvcrRef>202604287887955700000016</AcctSvcrRef></Refs><AmtDtls><TxAmt><Amt Ccy="SEK">293.75</Amt></TxAmt></AmtDtls><RltdPties><Dbtr><Nm>PRAKTIKERTJÄNST AB</Nm><PstlAdr><StrtNm>ADOLF FREDRIKS KYRKOGATA 9</StrtNm><PstCd>103 55</PstCd><TwnNm>STOCKHOLM</TwnNm></PstlAdr></Dbtr><CdtrAcct><Id><Othr><Id>8817314</Id><SchmeNm><Prtry>BGNR</Prtry></SchmeNm></Othr></Id></CdtrAcct></RltdPties><RltdAgts><CdtrAgt><FinInstnId><BIC>SWEDSESS</BIC></FinInstnId></CdtrAgt></RltdAgts><RmtInf><Strd><RfrdDocInf><Tp><CdOrPrtry><Cd>CINV</Cd></CdOrPrtry></Tp><Nb>18571205660244</Nb></RfrdDocInf><RfrdDocAmt><RmtdAmt Ccy="SEK">293.75</RmtdAmt></RfrdDocAmt></Strd></RmtInf></TxDtls></NtryDtls><NtryDtls><TxDtls><Refs><AcctSvcrRef>202604287887955700000017</AcctSvcrRef></Refs><AmtDtls><TxAmt><Amt Ccy="SEK">1387.00</Amt></TxAmt></AmtDtls><RltdPties><Dbtr><Nm>PRAKTIKERTJÄNST AB</Nm><PstlAdr><StrtNm>ADOLF FREDRIKS KYRKOGATA 9</StrtNm><PstCd>103 55</PstCd><TwnNm>STOCKHOLM</TwnNm></PstlAdr></Dbtr><CdtrAcct><Id><Othr><Id>8817314</Id><SchmeNm><Prtry>BGNR</Prtry></SchmeNm></Othr></Id></CdtrAcct></RltdPties><RltdAgts><CdtrAgt><FinInstnId><BIC>SWEDSESS</BIC></FinInstnId></CdtrAgt></RltdAgts><RmtInf><Strd><RfrdDocInf><Tp><CdOrPrtry><Cd>CINV</Cd></CdOrPrtry></Tp><Nb>18571205560345</Nb></RfrdDocInf><RfrdDocAmt><RmtdAmt Ccy="SEK">1387.00</RmtdAmt></RfrdDocAmt></Strd></RmtInf></TxDtls></NtryDtls><NtryDtls><TxDtls><Refs><AcctSvcrRef>202604287887955700000018</AcctSvcrRef></Refs><AmtDtls><TxAmt><Amt Ccy="SEK">3597.00</Amt></TxAmt></AmtDtls><RltdPties><Dbtr><Nm>PRAKTIKERTJÄNST AB</Nm><PstlAdr><StrtNm>ADOLF FREDRIKS KYRKOGATA 9</StrtNm><PstCd>103 55</PstCd><TwnNm>STOCKHOLM</TwnNm></PstlAdr></Dbtr><CdtrAcct><Id><Othr><Id>8817314</Id><SchmeNm><Prtry>BGNR</Prtry></SchmeNm></Othr></Id></CdtrAcct></RltdPties><RltdAgts><CdtrAgt><FinInstnId><BIC>SWEDSESS</BIC></FinInstnId></CdtrAgt></RltdAgts><RmtInf><Strd><RfrdDocInf><Tp><CdOrPrtry><Cd>CINV</Cd></CdOrPrtry></Tp><Nb>18571205382344</Nb></RfrdDocInf><RfrdDocAmt><RmtdAmt Ccy="SEK">3597.00</RmtdAmt></RfrdDocAmt></Strd></RmtInf></TxDtls></NtryDtls><NtryDtls><TxDtls><Refs><AcctSvcrRef>202604287887955700000019</AcctSvcrRef></Refs><AmtDtls><TxAmt><Amt Ccy="SEK">8420.00</Amt></TxAmt></AmtDtls><RltdPties><Dbtr><Nm>PRAKTIKERTJÄNST AB</Nm><PstlAdr><StrtNm>ADOLF FREDRIKS KYRKOGATA 9</StrtNm><PstCd>103 55</PstCd><TwnNm>STOCKHOLM</TwnNm></PstlAdr></Dbtr><CdtrAcct><Id><Othr><Id>8817314</Id><SchmeNm><Prtry>BGNR</Prtry></SchmeNm></Othr></Id></CdtrAcct></RltdPties><RltdAgts><CdtrAgt><FinInstnId><BIC>SWEDSESS</BIC></FinInstnId></CdtrAgt></RltdAgts><RmtInf><Strd><RfrdDocInf><Tp><CdOrPrtry><Cd>CINV</Cd></CdOrPrtry></Tp><Nb>18571205569346</Nb></RfrdDocInf><RfrdDocAmt><RmtdAmt Ccy="SEK">8420.00</RmtdAmt></RfrdDocAmt></Strd></RmtInf></TxDtls></NtryDtls><NtryDtls><TxDtls><Refs><AcctSvcrRef>202604287887955700000020</AcctSvcrRef></Refs><AmtDtls><TxAmt><Amt Ccy="SEK">2900.00</Amt></TxAmt></AmtDtls><RltdPties><Dbtr><Nm>PRAKTIKERTJÄNST AB</Nm><PstlAdr><StrtNm>ADOLF FREDRIKS KYRKOGATA 9</StrtNm><PstCd>103 55</PstCd><TwnNm>STOCKHOLM</TwnNm></PstlAdr></Dbtr><CdtrAcct><Id><Othr><Id>8817314</Id><SchmeNm><Prtry>BGNR</Prtry></SchmeNm></Othr></Id></CdtrAcct></RltdPties><RltdAgts><CdtrAgt><FinInstnId><BIC>SWEDSESS</BIC></FinInstnId></CdtrAgt></RltdAgts><RmtInf><Strd><RfrdDocInf><Tp><CdOrPrtry><Cd>CINV</Cd></CdOrPrtry></Tp><Nb>18571205572548</Nb></RfrdDocInf><RfrdDocAmt><RmtdAmt Ccy="SEK">2900.00</RmtdAmt></RfrdDocAmt></Strd></RmtInf></TxDtls></NtryDtls><NtryDtls><TxDtls><Refs><AcctSvcrRef>202604287887955700000021</AcctSvcrRef></Refs><AmtDtls><TxAmt><Amt Ccy="SEK">1705.00</Amt></TxAmt></AmtDtls><RltdPties><Dbtr><Nm>PRAKTIKERTJÄNST AB</Nm><PstlAdr><StrtNm>ADOLF FREDRIKS KYRKOGATA 9</StrtNm><PstCd>103 55</PstCd><TwnNm>STOCKHOLM</TwnNm></PstlAdr></Dbtr><CdtrAcct><Id><Othr><Id>8817314</Id><SchmeNm><Prtry>BGNR</Prtry></SchmeNm></Othr></Id></CdtrAcct></RltdPties><RltdAgts><CdtrAgt><FinInstnId><BIC>SWEDSESS</BIC></FinInstnId></CdtrAgt></RltdAgts><RmtInf><Strd><RfrdDocInf><Tp><CdOrPrtry><Cd>CINV</Cd></CdOrPrtry></Tp><Nb>18571205458144</Nb></RfrdDocInf><RfrdDocAmt><RmtdAmt Ccy="SEK">1705.00</RmtdAmt></RfrdDocAmt></Strd></RmtInf></TxDtls></NtryDtls><NtryDtls><TxDtls><Refs><AcctSvcrRef>202604287887955700000022</AcctSvcrRef></Refs><AmtDtls><TxAmt><Amt Ccy="SEK">7050.00</Amt></TxAmt></AmtDtls><RltdPties><Dbtr><Nm>PRAKTIKERTJÄNST AB</Nm><PstlAdr><StrtNm>ADOLF FREDRIKS KYRKOGATA 9</StrtNm><PstCd>103 55</PstCd><TwnNm>STOCKHOLM</TwnNm></PstlAdr></Dbtr><CdtrAcct><Id><Othr><Id>8817314</Id><SchmeNm><Prtry>BGNR</Prtry></SchmeNm></Othr></Id></CdtrAcct></RltdPties><RltdAgts><CdtrAgt><FinInstnId><BIC>SWEDSESS</BIC></FinInstnId></CdtrAgt></RltdAgts><RmtInf><Strd><RfrdDocInf><Tp><CdOrPrtry><Cd>CINV</Cd></CdOrPrtry></Tp><Nb>18571205518145</Nb></RfrdDocInf><RfrdDocAmt><RmtdAmt Ccy="SEK">7050.00</RmtdAmt></RfrdDocAmt></Strd></RmtInf></TxDtls></NtryDtls><NtryDtls><TxDtls><Refs><AcctSvcrRef>202604287887955700000023</AcctSvcrRef></Refs><AmtDtls><TxAmt><Amt Ccy="SEK">3293.00</Amt></TxAmt></AmtDtls><RltdPties><Dbtr><Nm>PRAKTIKERTJÄNST AB</Nm><PstlAdr><StrtNm>ADOLF FREDRIKS KYRKOGATA 9</StrtNm><PstCd>103 55</PstCd><TwnNm>STOCKHOLM</TwnNm></PstlAdr></Dbtr><CdtrAcct><Id><Othr><Id>8817314</Id><SchmeNm><Prtry>BGNR</Prtry></SchmeNm></Othr></Id></CdtrAcct></RltdPties><RltdAgts><CdtrAgt><FinInstnId><BIC>SWEDSESS</BIC></FinInstnId></CdtrAgt></RltdAgts><RmtInf><Strd><RfrdDocInf><Tp><CdOrPrtry><Cd>CINV</Cd></CdOrPrtry></Tp><Nb>18571205478340</Nb></RfrdDocInf><RfrdDocAmt><RmtdAmt Ccy="SEK">3293.00</RmtdAmt></RfrdDocAmt></Strd></RmtInf></TxDtls></NtryDtls><NtryDtls><TxDtls><Refs><AcctSvcrRef>202604287887955700000024</AcctSvcrRef></Refs><AmtDtls><TxAmt><Amt Ccy="SEK">7194.00</Amt></TxAmt></AmtDtls><RltdPties><Dbtr><Nm>PRAKTIKERTJÄNST AB</Nm><PstlAdr><StrtNm>ADOLF FREDRIKS KYRKOGATA 9</StrtNm><PstCd>103 55</PstCd><TwnNm>STOCKHOLM</TwnNm></PstlAdr></Dbtr><CdtrAcct><Id><Othr><Id>8817314</Id><SchmeNm><Prtry>BGNR</Prtry></SchmeNm></Othr></Id></CdtrAcct></RltdPties><RltdAgts><CdtrAgt><FinInstnId><BIC>SWEDSESS</BIC></FinInstnId></CdtrAgt></RltdAgts><RmtInf><Strd><RfrdDocInf><Tp><CdOrPrtry><Cd>CINV</Cd></CdOrPrtry></Tp><Nb>18571205360548</Nb></RfrdDocInf><RfrdDocAmt><RmtdAmt Ccy="SEK">7194.00</RmtdAmt></RfrdDocAmt></Strd></RmtInf></TxDtls></NtryDtls><NtryDtls><TxDtls><Refs><AcctSvcrRef>202604287887955700000025</AcctSvcrRef></Refs><AmtDtls><TxAmt><Amt Ccy="SEK">336.00</Amt></TxAmt></AmtDtls><RltdPties><Dbtr><Nm>DAHLQVIST HELENA</Nm><PstlAdr><StrtNm>GÖMMARVÄGEN 45</StrtNm><PstCd>141 32</PstCd><TwnNm>HUDDINGE</TwnNm></PstlAdr></Dbtr><CdtrAcct><Id><Othr><Id>8817314</Id><SchmeNm><Prtry>BGNR</Prtry></SchmeNm></Othr></Id></CdtrAcct></RltdPties><RltdAgts><CdtrAgt><FinInstnId><BIC>SWEDSESS</BIC></FinInstnId></CdtrAgt></RltdAgts><RmtInf><Strd><RfrdDocInf><Tp><CdOrPrtry><Cd>CINV</Cd></CdOrPrtry></Tp><Nb>10491207320945</Nb></RfrdDocInf><RfrdDocAmt><RmtdAmt Ccy="SEK">336.00</RmtdAmt></RfrdDocAmt></Strd></RmtInf></TxDtls></NtryDtls><NtryDtls><TxDtls><Refs><AcctSvcrRef>202604287887955700000026</AcctSvcrRef></Refs><AmtDtls><TxAmt><Amt Ccy="SEK">3349.00</Amt></TxAmt></AmtDtls><RltdPties><Dbtr><Nm>ENGSTRÖM JÖRGEN</Nm><PstlAdr><StrtNm>AFTONGRÄND 4</StrtNm><PstCd>931 52</PstCd><TwnNm>SKELLEFTEÅ</TwnNm></PstlAdr></Dbtr><CdtrAcct><Id><Othr><Id>8817314</Id><SchmeNm><Prtry>BGNR</Prtry></SchmeNm></Othr></Id></CdtrAcct></RltdPties><RltdAgts><CdtrAgt><FinInstnId><BIC>SWEDSESS</BIC></FinInstnId></CdtrAgt></RltdAgts><RmtInf><Strd><RfrdDocInf><Tp><CdOrPrtry><Cd>CINV</Cd></CdOrPrtry></Tp><Nb>10491205482945</Nb></RfrdDocInf><RfrdDocAmt><RmtdAmt Ccy="SEK">3349.00</RmtdAmt></RfrdDocAmt></Strd></RmtInf></TxDtls></NtryDtls><NtryDtls><TxDtls><Refs><AcctSvcrRef>202604287887955700000027</AcctSvcrRef></Refs><AmtDtls><TxAmt><Amt Ccy="SEK">3140.00</Amt></TxAmt></AmtDtls><RltdPties><Dbtr><Nm>DAHLQVIST HELENA</Nm><PstlAdr><StrtNm>GÖMMARVÄGEN 45</StrtNm><PstCd>141 32</PstCd><TwnNm>HUDDINGE</TwnNm></PstlAdr></Dbtr><CdtrAcct><Id><Othr><Id>8817314</Id><SchmeNm><Prtry>BGNR</Prtry></SchmeNm></Othr></Id></CdtrAcct></RltdPties><RltdAgts><CdtrAgt><FinInstnId><BIC>SWEDSESS</BIC></FinInstnId></CdtrAgt></RltdAgts><RmtInf><Strd><RfrdDocInf><Tp><CdOrPrtry><Cd>CINV</Cd></CdOrPrtry></Tp><Nb>10491207376343</Nb></RfrdDocInf><RfrdDocAmt><RmtdAmt Ccy="SEK">3140.00</RmtdAmt></RfrdDocAmt></Strd></RmtInf></TxDtls></NtryDtls><NtryDtls><TxDtls><Refs><AcctSvcrRef>202604287887955700000028</AcctSvcrRef></Refs><AmtDtls><TxAmt><Amt Ccy="SEK">5788.15</Amt></TxAmt></AmtDtls><RltdPties><Dbtr><Nm>ABBOXIA AB</Nm><PstlAdr><StrtNm>BOX 50</StrtNm><PstCd>431 21</PstCd><TwnNm>MÖLNDAL</TwnNm></PstlAdr></Dbtr><CdtrAcct><Id><Othr><Id>8817314</Id><SchmeNm><Prtry>BGNR</Prtry></SchmeNm></Othr></Id></CdtrAcct></RltdPties><RltdAgts><CdtrAgt><FinInstnId><BIC>SWEDSESS</BIC></FinInstnId></CdtrAgt></RltdAgts><RmtInf><Strd><RfrdDocInf><Tp><CdOrPrtry><Cd>CINV</Cd></CdOrPrtry></Tp><Nb>12006692</Nb></RfrdDocInf><RfrdDocAmt><RmtdAmt Ccy="SEK">5788.15</RmtdAmt></RfrdDocAmt></Strd></RmtInf></TxDtls></NtryDtls><NtryDtls><TxDtls><Refs><AcctSvcrRef>202604287887955700000029</AcctSvcrRef></Refs><AmtDtls><TxAmt><Amt Ccy="SEK">2016.00</Amt></TxAmt></AmtDtls><RltdPties><Dbtr><Nm>ANIMED DJURSJUKVÅRD AB</Nm><PstlAdr><StrtNm>JÄRNVÄGSGATAN 24</StrtNm><PstCd>172 35</PstCd><TwnNm>SUNDBYBERG</TwnNm></PstlAdr></Dbtr><CdtrAcct><Id><Othr><Id>8817314</Id><SchmeNm><Prtry>BGNR</Prtry></SchmeNm></Othr></Id></CdtrAcct></RltdPties><RltdAgts><CdtrAgt><FinInstnId><BIC>SWEDSESS</BIC></FinInstnId></CdtrAgt></RltdAgts><RmtInf><Strd><RfrdDocInf><Tp><CdOrPrtry><Cd>CINV</Cd></CdOrPrtry></Tp><Nb>19020016152040</Nb></RfrdDocInf><RfrdDocAmt><RmtdAmt Ccy="SEK">2016.00</RmtdAmt></RfrdDocAmt></Strd></RmtInf></TxDtls></NtryDtls><NtryDtls><TxDtls><Refs><AcctSvcrRef>202604287887955700000030</AcctSvcrRef></Refs><AmtDtls><TxAmt><Amt Ccy="SEK">3105.00</Amt></TxAmt></AmtDtls><RltdPties><Dbtr><Nm>ANIMED DJURSJUKVÅRD AB</Nm><PstlAdr><StrtNm>JÄRNVÄGSGATAN 24</StrtNm><PstCd>172 35</PstCd><TwnNm>SUNDBYBERG</TwnNm></PstlAdr></Dbtr><CdtrAcct><Id><Othr><Id>8817314</Id><SchmeNm><Prtry>BGNR</Prtry></SchmeNm></Othr></Id></CdtrAcct></RltdPties><RltdAgts><CdtrAgt><FinInstnId><BIC>SWEDSESS</BIC></FinInstnId></CdtrAgt></RltdAgts><RmtInf><Strd><RfrdDocInf><Tp><CdOrPrtry><Cd>CINV</Cd></CdOrPrtry></Tp><Nb>19020016151240</Nb></RfrdDocInf><RfrdDocAmt><RmtdAmt Ccy="SEK">3105.00</RmtdAmt></RfrdDocAmt></Strd></RmtInf></TxDtls></NtryDtls><NtryDtls><TxDtls><Refs><AcctSvcrRef>202604287887955700000031</AcctSvcrRef></Refs><AmtDtls><TxAmt><Amt Ccy="SEK">51.00</Amt></TxAmt></AmtDtls><RltdPties><Dbtr><Nm>Anni Nordin Andersson</Nm><PstlAdr><StrtNm>Rodervägen 38</StrtNm><PstCd>262 94</PstCd><TwnNm>Ängelholm</TwnNm></PstlAdr></Dbtr><CdtrAcct><Id><Othr><Id>8817314</Id><SchmeNm><Prtry>BGNR</Prtry></SchmeNm></Othr></Id></CdtrAcct></RltdPties><RltdAgts><CdtrAgt><FinInstnId><BIC>SWEDSESS</BIC></FinInstnId></CdtrAgt></RltdAgts><RmtInf><Strd><RfrdDocInf><Tp><CdOrPrtry><Cd>CINV</Cd></CdOrPrtry></Tp><Nb>299503906024</Nb></RfrdDocInf><RfrdDocAmt><RmtdAmt Ccy="SEK">51.00</RmtdAmt></RfrdDocAmt></Strd></RmtInf></TxDtls></NtryDtls><NtryDtls><TxDtls><Refs><AcctSvcrRef>202604287887955700000032</AcctSvcrRef></Refs><AmtDtls><TxAmt><Amt Ccy="SEK">207.00</Amt></TxAmt></AmtDtls><RltdPties><Dbtr><Nm>Göran Dustler</Nm><PstlAdr><StrtNm>Mörtvägen 16</StrtNm><PstCd>281 35</PstCd><TwnNm>Hässleholm</TwnNm></PstlAdr></Dbtr><CdtrAcct><Id><Othr><Id>8817314</Id><SchmeNm><Prtry>BGNR</Prtry></SchmeNm></Othr></Id></CdtrAcct></RltdPties><RltdAgts><CdtrAgt><FinInstnId><BIC>SWEDSESS</BIC></FinInstnId></CdtrAgt></RltdAgts><RmtInf><Strd><RfrdDocInf><Tp><CdOrPrtry><Cd>CINV</Cd></CdOrPrtry></Tp><Nb>299503913723</Nb></RfrdDocInf><RfrdDocAmt><RmtdAmt Ccy="SEK">207.00</RmtdAmt></RfrdDocAmt></Strd></RmtInf></TxDtls></NtryDtls></Ntry><Ntry><Amt Ccy="SEK">522900.45</Amt><CdtDbtInd>CRDT</CdtDbtInd><Sts>BOOK</Sts><BookgDt><Dt>2026-04-28</Dt></BookgDt><AcctSvcrRef>2026042878961362</AcctSvcrRef><BkTxCd><Domn><Cd>PMNT</Cd><Fmly><Cd>NTAV</Cd><SubFmlyCd>NTAV</SubFmlyCd></Fmly></Domn></BkTxCd><NtryDtls><TxDtls><Refs><AcctSvcrRef>202604287896136200000001</AcctSvcrRef></Refs><AmtDtls><TxAmt><Amt Ccy="SEK">256690.70</Amt></TxAmt></AmtDtls><RltdPties><Dbtr><Nm>SANOFI AB</Nm><PstlAdr><PstCd>10425</PstCd><TwnNm>STOCKHOLM</TwnNm><AdrLine>BOX 30052</AdrLine></PstlAdr><Id><OrgId><Othr><Id>5564412574</Id><SchmeNm><Cd>CUST</Cd></SchmeNm></Othr></OrgId></Id></Dbtr><DbtrAcct><Id><Othr><Id>51760817</Id><SchmeNm><Prtry>BGNR</Prtry></SchmeNm></Othr></Id></DbtrAcct><CdtrAcct><Id><Othr><Id>8817314</Id><SchmeNm><Prtry>BGNR</Prtry></SchmeNm></Othr></Id></CdtrAcct></RltdPties><RltdAgts><CdtrAgt><FinInstnId><BIC>SWEDSESS</BIC></FinInstnId></CdtrAgt></RltdAgts><RmtInf><Strd><RfrdDocInf><Tp><CdOrPrtry><Cd>CINV</Cd></CdOrPrtry></Tp><Nb>20260408</Nb></RfrdDocInf><RfrdDocAmt><RmtdAmt Ccy="SEK">7.46</RmtdAmt></RfrdDocAmt></Strd><Strd><RfrdDocInf><Tp><CdOrPrtry><Cd>CINV</Cd></CdOrPrtry></Tp><Nb>2489458</Nb></RfrdDocInf><RfrdDocAmt><RmtdAmt Ccy="SEK">15.48</RmtdAmt></RfrdDocAmt></Strd><Strd><RfrdDocInf><Tp><CdOrPrtry><Cd>CINV</Cd></CdOrPrtry></Tp><Nb>12059815</Nb></RfrdDocInf><RfrdDocAmt><RmtdAmt Ccy="SEK">12933.75</RmtdAmt></RfrdDocAmt></Strd><Strd><RfrdDocInf><Tp><CdOrPrtry><Cd>CINV</Cd></CdOrPrtry></Tp><Nb>2489410</Nb></RfrdDocInf><RfrdDocAmt><RmtdAmt Ccy="SEK">14.28</RmtdAmt></RfrdDocAmt></Strd><Strd><RfrdDocInf><Tp><CdOrPrtry><Cd>CINV</Cd></CdOrPrtry></Tp><Nb>2489400</Nb></RfrdDocInf><RfrdDocAmt><RmtdAmt Ccy="SEK">37.65</RmtdAmt></RfrdDocAmt></Strd><Strd><RfrdDocInf><Tp><CdOrPrtry><Cd>CINV</Cd></CdOrPrtry></Tp><Nb>12059860</Nb></RfrdDocInf><RfrdDocAmt><RmtdAmt Ccy="SEK">10747.50</RmtdAmt></RfrdDocAmt></Strd><Strd><RfrdDocInf><Tp><CdOrPrtry><Cd>CINV</Cd></CdOrPrtry></Tp><Nb>12056302</Nb></RfrdDocInf><RfrdDocAmt><RmtdAmt Ccy="SEK">4378.00</RmtdAmt></RfrdDocAmt></Strd><Strd><RfrdDocInf><Tp><CdOrPrtry><Cd>CINV</Cd></CdOrPrtry></Tp><Nb>12059861</Nb></RfrdDocInf><RfrdDocAmt><RmtdAmt Ccy="SEK">3532.50</RmtdAmt></RfrdDocAmt></Strd><Strd><RfrdDocInf><Tp><CdOrPrtry><Cd>CINV</Cd></CdOrPrtry></Tp><Nb>2489399</Nb></RfrdDocInf><RfrdDocAmt><RmtdAmt Ccy="SEK">5.23</RmtdAmt></RfrdDocAmt></Strd><Strd><RfrdDocInf><Tp><CdOrPrtry><Cd>CINV</Cd></CdOrPrtry></Tp><Nb>2489393</Nb></RfrdDocInf><RfrdDocAmt><RmtdAmt Ccy="SEK">8.43</RmtdAmt></RfrdDocAmt></Strd><Strd><RfrdDocInf><Tp><CdOrPrtry><Cd>CINV</Cd></CdOrPrtry></Tp><Nb>2489427</Nb></RfrdDocInf><RfrdDocAmt><RmtdAmt Ccy="SEK">9.60</RmtdAmt></RfrdDocAmt></Strd><Strd><RfrdDocInf><Tp><CdOrPrtry><Cd>CINV</Cd></CdOrPrtry></Tp><Nb>2489457</Nb></RfrdDocInf><RfrdDocAmt><RmtdAmt Ccy="SEK">17.86</RmtdAmt></RfrdDocAmt></Strd><Strd><RfrdDocInf><Tp><CdOrPrtry><Cd>CINV</Cd></CdOrPrtry></Tp><Nb>2489420</Nb></RfrdDocInf><RfrdDocAmt><RmtdAmt Ccy="SEK">20.28</RmtdAmt></RfrdDocAmt></Strd><Strd><RfrdDocInf><Tp><CdOrPrtry><Cd>CINV</Cd></CdOrPrtry></Tp><Nb>2489430</Nb></RfrdDocInf><RfrdDocAmt><RmtdAmt Ccy="SEK">64.18</RmtdAmt></RfrdDocAmt></Strd><Strd><RfrdDocInf><Tp><CdOrPrtry><Cd>CINV</Cd></CdOrPrtry></Tp><Nb>12056346</Nb></RfrdDocInf><RfrdDocAmt><RmtdAmt Ccy="SEK">14609.00</RmtdAmt></RfrdDocAmt></Strd><Strd><RfrdDocInf><Tp><CdOrPrtry><Cd>CINV</Cd></CdOrPrtry></Tp><Nb>2489366</Nb></RfrdDocInf><RfrdDocAmt><RmtdAmt Ccy="SEK">5.26</RmtdAmt></RfrdDocAmt></Strd><Strd><RfrdDocInf><Tp><CdOrPrtry><Cd>CINV</Cd></CdOrPrtry></Tp><Nb>2489402</Nb></RfrdDocInf><RfrdDocAmt><RmtdAmt Ccy="SEK">23.69</RmtdAmt></RfrdDocAmt></Strd><Strd><RfrdDocInf><Tp><CdOrPrtry><Cd>CINV</Cd></CdOrPrtry></Tp><Nb>12056376</Nb></RfrdDocInf><RfrdDocAmt><RmtdAmt Ccy="SEK">4628.00</RmtdAmt></RfrdDocAmt></Strd><Strd><RfrdDocInf><Tp><CdOrPrtry><Cd>CINV</Cd></CdOrPrtry></Tp><Nb>12056326</Nb></RfrdDocInf><RfrdDocAmt><RmtdAmt Ccy="SEK">13916.00</RmtdAmt></RfrdDocAmt></Strd><Strd><RfrdDocInf><Tp><CdOrPrtry><Cd>CINV</Cd></CdOrPrtry></Tp><Nb>2489382</Nb></RfrdDocInf><RfrdDocAmt><RmtdAmt Ccy="SEK">33.23</RmtdAmt></RfrdDocAmt></Strd><Strd><RfrdDocInf><Tp><CdOrPrtry><Cd>CINV</Cd></CdOrPrtry></Tp><Nb>12056379</Nb></RfrdDocInf><RfrdDocAmt><RmtdAmt Ccy="SEK">38053.00</RmtdAmt></RfrdDocAmt></Strd><Strd><RfrdDocInf><Tp><CdOrPrtry><Cd>CINV</Cd></CdOrPrtry></Tp><Nb>12056398</Nb></RfrdDocInf><RfrdDocAmt><RmtdAmt Ccy="SEK">7043.00</RmtdAmt></RfrdDocAmt></Strd><Strd><RfrdDocInf><Tp><CdOrPrtry><Cd>CINV</Cd></CdOrPrtry></Tp><Nb>12056402</Nb></RfrdDocInf><RfrdDocAmt><RmtdAmt Ccy="SEK">5716.00</RmtdAmt></RfrdDocAmt></Strd><Strd><RfrdDocInf><Tp><CdOrPrtry><Cd>CINV</Cd></CdOrPrtry></Tp><Nb>2489479</Nb></RfrdDocInf><RfrdDocAmt><RmtdAmt Ccy="SEK">11.55</RmtdAmt></RfrdDocAmt></Strd><Strd><RfrdDocInf><Tp><CdOrPrtry><Cd>CINV</Cd></CdOrPrtry></Tp><Nb>2489360</Nb></RfrdDocInf><RfrdDocAmt><RmtdAmt Ccy="SEK">29.86</RmtdAmt></RfrdDocAmt></Strd><Strd><RfrdDocInf><Tp><CdOrPrtry><Cd>CINV</Cd></CdOrPrtry></Tp><Nb>12056281</Nb></RfrdDocInf><RfrdDocAmt><RmtdAmt Ccy="SEK">111145.00</RmtdAmt></RfrdDocAmt></Strd><Strd><RfrdDocInf><Tp><CdOrPrtry><Cd>CINV</Cd></CdOrPrtry></Tp><Nb>2489401</Nb></RfrdDocInf><RfrdDocAmt><RmtdAmt Ccy="SEK">4.91</RmtdAmt></RfrdDocAmt></Strd><Strd><RfrdDocInf><Tp><CdOrPrtry><Cd>CINV</Cd></CdOrPrtry></Tp><Nb>12056313</Nb></RfrdDocInf><RfrdDocAmt><RmtdAmt Ccy="SEK">29680.00</RmtdAmt></RfrdDocAmt></Strd></RmtInf></TxDtls></NtryDtls><NtryDtls><TxDtls><Refs><AcctSvcrRef>202604287896136200000002</AcctSvcrRef></Refs><AmtDtls><TxAmt><Amt Ccy="SEK">450.00</Amt></TxAmt></AmtDtls><RltdPties><Dbtr><Nm>Diaverum Sweden AB</Nm><PstlAdr><PstCd>21537</PstCd><TwnNm>MALMÖ</TwnNm><AdrLine>Hyllie Boulevard 53</AdrLine></PstlAdr><Id><OrgId><Othr><Id>5562092790</Id><SchmeNm><Cd>CUST</Cd></SchmeNm></Othr></OrgId></Id></Dbtr><DbtrAcct><Id><Othr><Id>53264602</Id><SchmeNm><Prtry>BGNR</Prtry></SchmeNm></Othr></Id></DbtrAcct><CdtrAcct><Id><Othr><Id>8817314</Id><SchmeNm><Prtry>BGNR</Prtry></SchmeNm></Othr></Id></CdtrAcct></RltdPties><RltdAgts><CdtrAgt><FinInstnId><BIC>SWEDSESS</BIC></FinInstnId></CdtrAgt></RltdAgts><RmtInf><Strd><RfrdDocInf><Tp><CdOrPrtry><Cd>CINV</Cd></CdOrPrtry></Tp><Nb>18571206332249</Nb></RfrdDocInf><RfrdDocAmt><RmtdAmt Ccy="SEK">450.00</RmtdAmt></RfrdDocAmt></Strd></RmtInf></TxDtls></NtryDtls><NtryDtls><TxDtls><Refs><AcctSvcrRef>202604287896136200000003</AcctSvcrRef></Refs><AmtDtls><TxAmt><Amt Ccy="SEK">6380.00</Amt></TxAmt></AmtDtls><RltdPties><Dbtr><Nm>ROCHE FINANZ AG</Nm><PstlAdr><StrtNm>GRENZACHERSTRASSE 122</StrtNm><PstCd>4058</PstCd><TwnNm>BASEL</TwnNm><Ctry>CH</Ctry></PstlAdr></Dbtr><CdtrAcct><Id><Othr><Id>8817314</Id><SchmeNm><Prtry>BGNR</Prtry></SchmeNm></Othr></Id></CdtrAcct></RltdPties><RltdAgts><CdtrAgt><FinInstnId><BIC>SWEDSESS</BIC></FinInstnId></CdtrAgt></RltdAgts><RmtInf><Strd><RfrdDocInf><Tp><CdOrPrtry><Cd>CINV</Cd></CdOrPrtry></Tp><Nb>11121205986343</Nb></RfrdDocInf><RfrdDocAmt><RmtdAmt Ccy="SEK">6380.00</RmtdAmt></RfrdDocAmt></Strd></RmtInf></TxDtls></NtryDtls><NtryDtls><TxDtls><Refs><AcctSvcrRef>202604287896136200000004</AcctSvcrRef></Refs><AmtDtls><TxAmt><Amt Ccy="SEK">3001.00</Amt></TxAmt></AmtDtls><RltdPties><Dbtr><Nm>ROCHE FINANZ AG</Nm><PstlAdr><StrtNm>GRENZACHERSTRASSE 122</StrtNm><PstCd>4058</PstCd><TwnNm>BASEL</TwnNm><Ctry>CH</Ctry></PstlAdr></Dbtr><CdtrAcct><Id><Othr><Id>8817314</Id><SchmeNm><Prtry>BGNR</Prtry></SchmeNm></Othr></Id></CdtrAcct></RltdPties><RltdAgts><CdtrAgt><FinInstnId><BIC>SWEDSESS</BIC></FinInstnId></CdtrAgt></RltdAgts><RmtInf><Strd><RfrdDocInf><Tp><CdOrPrtry><Cd>CINV</Cd></CdOrPrtry></Tp><Nb>11121205639140</Nb></RfrdDocInf><RfrdDocAmt><RmtdAmt Ccy="SEK">3001.00</RmtdAmt></RfrdDocAmt></Strd></RmtInf></TxDtls></NtryDtls><NtryDtls><TxDtls><Refs><AcctSvcrRef>202604287896136200000005</AcctSvcrRef></Refs><AmtDtls><TxAmt><Amt Ccy="SEK">6141.00</Amt></TxAmt></AmtDtls><RltdPties><Dbtr><Nm>REGION KRONOBERG</Nm><PstlAdr><StrtNm>NYGATAN 20</StrtNm><PstCd>352 31</PstCd><TwnNm>VAXJO</TwnNm></PstlAdr></Dbtr><CdtrAcct><Id><Othr><Id>8817314</Id><SchmeNm><Prtry>BGNR</Prtry></SchmeNm></Othr></Id></CdtrAcct></RltdPties><RltdAgts><CdtrAgt><FinInstnId><BIC>SWEDSESS</BIC></FinInstnId></CdtrAgt></RltdAgts><RmtInf><Strd><RfrdDocInf><Tp><CdOrPrtry><Cd>CINV</Cd></CdOrPrtry></Tp><Nb>18571204449847</Nb></RfrdDocInf><RfrdDocAmt><RmtdAmt Ccy="SEK">6141.00</RmtdAmt></RfrdDocAmt></Strd></RmtInf></TxDtls></NtryDtls><NtryDtls><TxDtls><Refs><AcctSvcrRef>202604287896136200000006</AcctSvcrRef></Refs><AmtDtls><TxAmt><Amt Ccy="SEK">227272.75</Amt></TxAmt></AmtDtls><RltdPties><Dbtr><Nm>J.C. GENERAL SERVICES BV</Nm><PstlAdr><StrtNm>TURNHOUTSEWEG 30</StrtNm><PstCd>00000</PstCd><TwnNm>B-2340 BEERSE</TwnNm><Ctry>BE</Ctry></PstlAdr><Id><OrgId><Othr><Id>9557369486</Id><SchmeNm><Cd>CUST</Cd></SchmeNm></Othr></OrgId></Id></Dbtr><CdtrAcct><Id><Othr><Id>8817314</Id><SchmeNm><Prtry>BGNR</Prtry></SchmeNm></Othr></Id></CdtrAcct></RltdPties><RltdAgts><CdtrAgt><FinInstnId><BIC>SWEDSESS</BIC></FinInstnId></CdtrAgt></RltdAgts><RmtInf><Strd><RfrdDocInf><Tp><CdOrPrtry><Cd>CINV</Cd></CdOrPrtry></Tp></RfrdDocInf><RfrdDocAmt><RmtdAmt Ccy="SEK">227272.75</RmtdAmt></RfrdDocAmt><AddtlRmtInf>Please see the remittance advice on  behalf of Janssen-Cilag AB</AddtlRmtInf></Strd></RmtInf></TxDtls></NtryDtls><NtryDtls><TxDtls><Refs><AcctSvcrRef>202604287896136200000007</AcctSvcrRef></Refs><AmtDtls><TxAmt><Amt Ccy="SEK">22965.00</Amt></TxAmt></AmtDtls><RltdPties><Dbtr><Nm>REGION UPPSALA</Nm><PstlAdr><StrtNm>BOX 602</StrtNm><PstCd>751 25</PstCd><TwnNm>UPPSALA</TwnNm></PstlAdr></Dbtr><CdtrAcct><Id><Othr><Id>8817314</Id><SchmeNm><Prtry>BGNR</Prtry></SchmeNm></Othr></Id></CdtrAcct></RltdPties><RltdAgts><CdtrAgt><FinInstnId><BIC>SWEDSESS</BIC></FinInstnId></CdtrAgt></RltdAgts><RmtInf><Strd><RfrdDocInf><Tp><CdOrPrtry><Cd>CINV</Cd></CdOrPrtry></Tp><Nb>18571204393748</Nb></RfrdDocInf><RfrdDocAmt><RmtdAmt Ccy="SEK">22965.00</RmtdAmt></RfrdDocAmt></Strd></RmtInf></TxDtls></NtryDtls></Ntry><Ntry><Amt Ccy="SEK">1673153.49</Amt><CdtDbtInd>CRDT</CdtDbtInd><Sts>BOOK</Sts><BookgDt><Dt>2026-04-28</Dt></BookgDt><AcctSvcrRef>2026042878961871</AcctSvcrRef><BkTxCd><Domn><Cd>PMNT</Cd><Fmly><Cd>NTAV</Cd><SubFmlyCd>NTAV</SubFmlyCd></Fmly></Domn></BkTxCd><NtryDtls><TxDtls><Refs><AcctSvcrRef>202604287896187100000001</AcctSvcrRef></Refs><AmtDtls><TxAmt><Amt Ccy="SEK">15053.75</Amt></TxAmt></AmtDtls><RltdPties><Dbtr><Nm>Karolinska Institutet</Nm><PstlAdr><PstCd>17177</PstCd><TwnNm>STOCKHOLM</TwnNm></PstlAdr><Id><OrgId><Othr><Id>2021002973</Id><SchmeNm><Cd>CUST</Cd></SchmeNm></Othr></OrgId></Id></Dbtr><DbtrAcct><Id><Othr><Id>2775690</Id><SchmeNm><Prtry>BGNR</Prtry></SchmeNm></Othr></Id></DbtrAcct><CdtrAcct><Id><Othr><Id>8817314</Id><SchmeNm><Prtry>BGNR</Prtry></SchmeNm></Othr></Id></CdtrAcct></RltdPties><RltdAgts><CdtrAgt><FinInstnId><BIC>SWEDSESS</BIC></FinInstnId></CdtrAgt></RltdAgts><RmtInf><Strd><RfrdDocInf><Tp><CdOrPrtry><Cd>CINV</Cd></CdOrPrtry></Tp><Nb>11121205639744</Nb></RfrdDocInf><RfrdDocAmt><RmtdAmt Ccy="SEK">2194.00</RmtdAmt></RfrdDocAmt></Strd><Strd><RfrdDocInf><Tp><CdOrPrtry><Cd>CINV</Cd></CdOrPrtry></Tp><Nb>11121205981740</Nb></RfrdDocInf><RfrdDocAmt><RmtdAmt Ccy="SEK">3556.25</RmtdAmt></RfrdDocAmt></Strd><Strd><RfrdDocInf><Tp><CdOrPrtry><Cd>CINV</Cd></CdOrPrtry></Tp><Nb>11121205642748</Nb></RfrdDocInf><RfrdDocAmt><RmtdAmt Ccy="SEK">467.00</RmtdAmt></RfrdDocAmt></Strd><Strd><RfrdDocInf><Tp><CdOrPrtry><Cd>CINV</Cd></CdOrPrtry></Tp><Nb>11121205636146</Nb></RfrdDocInf><RfrdDocAmt><RmtdAmt Ccy="SEK">5403.00</RmtdAmt></RfrdDocAmt></Strd><Strd><RfrdDocInf><Tp><CdOrPrtry><Cd>CINV</Cd></CdOrPrtry></Tp><Nb>11121205981849</Nb></RfrdDocInf><RfrdDocAmt><RmtdAmt Ccy="SEK">1742.50</RmtdAmt></RfrdDocAmt></Strd><Strd><RfrdDocInf><Tp><CdOrPrtry><Cd>CINV</Cd></CdOrPrtry></Tp><Nb>11121205641344</Nb></RfrdDocInf><RfrdDocAmt><RmtdAmt Ccy="SEK">1691.00</RmtdAmt></RfrdDocAmt></Strd></RmtInf></TxDtls></NtryDtls><NtryDtls><TxDtls><Refs><AcctSvcrRef>202604287896187100000002</AcctSvcrRef></Refs><AmtDtls><TxAmt><Amt Ccy="SEK">22842.00</Amt></TxAmt></AmtDtls><RltdPties><Dbtr><Nm>Premicare Hälsingland AB</Nm><PstlAdr><PstCd>86141</PstCd><TwnNm>SÖRBERGE</TwnNm><AdrLine>Lövuddsvägen 44</AdrLine></PstlAdr><Id><OrgId><Othr><Id>5567664692</Id><SchmeNm><Cd>CUST</Cd></SchmeNm></Othr></OrgId></Id></Dbtr><DbtrAcct><Id><Othr><Id>3531019</Id><SchmeNm><Prtry>BGNR</Prtry></SchmeNm></Othr></Id></DbtrAcct><CdtrAcct><Id><Othr><Id>8817314</Id><SchmeNm><Prtry>BGNR</Prtry></SchmeNm></Othr></Id></CdtrAcct></RltdPties><RltdAgts><CdtrAgt><FinInstnId><BIC>SWEDSESS</BIC></FinInstnId></CdtrAgt></RltdAgts><RmtInf><Strd><RfrdDocInf><Tp><CdOrPrtry><Cd>CINV</Cd></CdOrPrtry></Tp><Nb>18571206315244</Nb></RfrdDocInf><RfrdDocAmt><RmtdAmt Ccy="SEK">450.00</RmtdAmt></RfrdDocAmt></Strd><Strd><RfrdDocInf><Tp><CdOrPrtry><Cd>CINV</Cd></CdOrPrtry></Tp><Nb>18571205147143</Nb></RfrdDocInf><RfrdDocAmt><RmtdAmt Ccy="SEK">1948.00</RmtdAmt></RfrdDocAmt></Strd><Strd><RfrdDocInf><Tp><CdOrPrtry><Cd>CINV</Cd></CdOrPrtry></Tp><Nb>18571197632946</Nb></RfrdDocInf><RfrdDocAmt><RmtdAmt Ccy="SEK">9522.00</RmtdAmt></RfrdDocAmt></Strd><Strd><RfrdDocInf><Tp><CdOrPrtry><Cd>CINV</Cd></CdOrPrtry></Tp><Nb>18571205943640</Nb></RfrdDocInf><RfrdDocAmt><RmtdAmt Ccy="SEK">10922.00</RmtdAmt></RfrdDocAmt></Strd></RmtInf></TxDtls></NtryDtls><NtryDtls><TxDtls><Refs><AcctSvcrRef>202604287896187100000003</AcctSvcrRef></Refs><AmtDtls><TxAmt><Amt Ccy="SEK">17864.00</Amt></TxAmt></AmtDtls><RltdPties><Dbtr><Nm>Specialistcenter Uppsala AB</Nm><PstlAdr><PstCd>75321</PstCd><TwnNm>UPPSALA</TwnNm><AdrLine>Kungsgatan 30 E</AdrLine></PstlAdr><Id><OrgId><Othr><Id>5568471246</Id><SchmeNm><Cd>CUST</Cd></SchmeNm></Othr></OrgId></Id></Dbtr><DbtrAcct><Id><Othr><Id>3666245</Id><SchmeNm><Prtry>BGNR</Prtry></SchmeNm></Othr></Id></DbtrAcct><CdtrAcct><Id><Othr><Id>8817314</Id><SchmeNm><Prtry>BGNR</Prtry></SchmeNm></Othr></Id></CdtrAcct></RltdPties><RltdAgts><CdtrAgt><FinInstnId><BIC>SWEDSESS</BIC></FinInstnId></CdtrAgt></RltdAgts><RmtInf><Strd><RfrdDocInf><Tp><CdOrPrtry><Cd>CINV</Cd></CdOrPrtry></Tp><Nb>18571204685143</Nb></RfrdDocInf><RfrdDocAmt><RmtdAmt Ccy="SEK">600.00</RmtdAmt></RfrdDocAmt></Strd><Strd><RfrdDocInf><Tp><CdOrPrtry><Cd>CINV</Cd></CdOrPrtry></Tp><Nb>18571204469647</Nb></RfrdDocInf><RfrdDocAmt><RmtdAmt Ccy="SEK">16814.00</RmtdAmt></RfrdDocAmt></Strd><Strd><RfrdDocInf><Tp><CdOrPrtry><Cd>CINV</Cd></CdOrPrtry></Tp><Nb>18571203539143</Nb></RfrdDocInf><RfrdDocAmt><RmtdAmt Ccy="SEK">450.00</RmtdAmt></RfrdDocAmt></Strd></RmtInf></TxDtls></NtryDtls><NtryDtls><TxDtls><Refs><AcctSvcrRef>202604287896187100000004</AcctSvcrRef></Refs><AmtDtls><TxAmt><Amt Ccy="SEK">3573.00</Amt></TxAmt></AmtDtls><RltdPties><Dbtr><Nm>Folktandvården Västra Götaland</Nm><PstlAdr><PstCd>40583</PstCd><TwnNm>GÖTEBORG</TwnNm><AdrLine>FE 018</AdrLine></PstlAdr><Id><OrgId><Othr><Id>2321000131</Id><SchmeNm><Cd>CUST</Cd></SchmeNm></Othr></OrgId></Id></Dbtr><DbtrAcct><Id><Othr><Id>3906500</Id><SchmeNm><Prtry>BGNR</Prtry></SchmeNm></Othr></Id></DbtrAcct><CdtrAcct><Id><Othr><Id>8817314</Id><SchmeNm><Prtry>BGNR</Prtry></SchmeNm></Othr></Id></CdtrAcct></RltdPties><RltdAgts><CdtrAgt><FinInstnId><BIC>SWEDSESS</BIC></FinInstnId></CdtrAgt></RltdAgts><RmtInf><Strd><RfrdDocInf><Tp><CdOrPrtry><Cd>CINV</Cd></CdOrPrtry></Tp><Nb>18581204493547</Nb></RfrdDocInf><RfrdDocAmt><RmtdAmt Ccy="SEK">3573.00</RmtdAmt></RfrdDocAmt></Strd></RmtInf></TxDtls></NtryDtls><NtryDtls><TxDtls><Refs><AcctSvcrRef>202604287896187100000005</AcctSvcrRef></Refs><AmtDtls><TxAmt><Amt Ccy="SEK">44894.93</Amt></TxAmt></AmtDtls><RltdPties><Dbtr><Nm>Södersjukhuset</Nm><PstlAdr><PstCd>11883</PstCd><TwnNm>STOCKHOLM</TwnNm><AdrLine>Redovisningssektionen</AdrLine></PstlAdr><Id><OrgId><Othr><Id>2321000016</Id><SchmeNm><Cd>CUST</Cd></SchmeNm></Othr></OrgId></Id></Dbtr><DbtrAcct><Id><Othr><Id>6819221</Id><SchmeNm><Prtry>BGNR</Prtry></SchmeNm></Othr></Id></DbtrAcct><CdtrAcct><Id><Othr><Id>8817314</Id><SchmeNm><Prtry>BGNR</Prtry></SchmeNm></Othr></Id></CdtrAcct></RltdPties><RltdAgts><CdtrAgt><FinInstnId><BIC>SWEDSESS</BIC></FinInstnId></CdtrAgt></RltdAgts><RmtInf><Strd><RfrdDocInf><Tp><CdOrPrtry><Cd>CINV</Cd></CdOrPrtry></Tp><Nb>1507036353632</Nb></RfrdDocInf><RfrdDocAmt><RmtdAmt Ccy="SEK">1030.65</RmtdAmt></RfrdDocAmt></Strd><Strd><RfrdDocInf><Tp><CdOrPrtry><Cd>CINV</Cd></CdOrPrtry></Tp><Nb>18571204746549</Nb></RfrdDocInf><RfrdDocAmt><RmtdAmt Ccy="SEK">7763.00</RmtdAmt></RfrdDocAmt></Strd><Strd><RfrdDocInf><Tp><CdOrPrtry><Cd>CINV</Cd></CdOrPrtry></Tp><Nb>1507036351032</Nb></RfrdDocInf><RfrdDocAmt><RmtdAmt Ccy="SEK">11964.43</RmtdAmt></RfrdDocAmt></Strd><Strd><RfrdDocInf><Tp><CdOrPrtry><Cd>CINV</Cd></CdOrPrtry></Tp><Nb>1507036351339</Nb></RfrdDocInf><RfrdDocAmt><RmtdAmt Ccy="SEK">24136.85</RmtdAmt></RfrdDocAmt></Strd></RmtInf></TxDtls></NtryDtls><NtryDtls><TxDtls><Refs><AcctSvcrRef>202604287896187100000006</AcctSvcrRef></Refs><AmtDtls><TxAmt><Amt Ccy="SEK">414.00</Amt></TxAmt></AmtDtls><RltdPties><Dbtr><Nm>REGION KALMAR LÄN</Nm><PstlAdr><StrtNm>BOX 601</StrtNm><PstCd>39126</PstCd><TwnNm>KALMAR</TwnNm><AdrLine>Ekonomiservice</AdrLine></PstlAdr><Id><OrgId><Othr><Id>2321000073</Id><SchmeNm><Cd>CUST</Cd></SchmeNm></Othr></OrgId></Id></Dbtr><DbtrAcct><Id><Othr><Id>8333007</Id><SchmeNm><Prtry>BGNR</Prtry></SchmeNm></Othr></Id></DbtrAcct><CdtrAcct><Id><Othr><Id>8817314</Id><SchmeNm><Prtry>BGNR</Prtry></SchmeNm></Othr></Id></CdtrAcct></RltdPties><RltdAgts><CdtrAgt><FinInstnId><BIC>SWEDSESS</BIC></FinInstnId></CdtrAgt></RltdAgts><RmtInf><Strd><RfrdDocInf><Tp><CdOrPrtry><Cd>CINV</Cd></CdOrPrtry></Tp><Nb>18571204524540</Nb></RfrdDocInf><RfrdDocAmt><RmtdAmt Ccy="SEK">414.00</RmtdAmt></RfrdDocAmt></Strd></RmtInf></TxDtls></NtryDtls><NtryDtls><TxDtls><Refs><AcctSvcrRef>202604287896187100000007</AcctSvcrRef></Refs><AmtDtls><TxAmt><Amt Ccy="SEK">1058757.84</Amt></TxAmt></AmtDtls><RltdPties><Dbtr><Nm>Karolinska Universitetssjukhuset</Nm><PstlAdr><StrtNm>Leverantörsreskontra</StrtNm><PstCd>14186</PstCd><TwnNm>STOCKHOLM</TwnNm><AdrLine>C1 77 Ekonomiavd.</AdrLine></PstlAdr><Id><OrgId><Othr><Id>2321000016</Id><SchmeNm><Cd>CUST</Cd></SchmeNm></Othr></OrgId></Id></Dbtr><DbtrAcct><Id><Othr><Id>8392763</Id><SchmeNm><Prtry>BGNR</Prtry></SchmeNm></Othr></Id></DbtrAcct><CdtrAcct><Id><Othr><Id>8817314</Id><SchmeNm><Prtry>BGNR</Prtry></SchmeNm></Othr></Id></CdtrAcct></RltdPties><RltdAgts><CdtrAgt><FinInstnId><BIC>SWEDSESS</BIC></FinInstnId></CdtrAgt></RltdAgts><RmtInf><Strd><RfrdDocInf><Tp><CdOrPrtry><Cd>CINV</Cd></CdOrPrtry></Tp><Nb>1507036351933</Nb></RfrdDocInf><RfrdDocAmt><RmtdAmt Ccy="SEK">1791.89</RmtdAmt></RfrdDocAmt></Strd><Strd><RfrdDocInf><Tp><CdOrPrtry><Cd>CINV</Cd></CdOrPrtry></Tp><Nb>1507036354432</Nb></RfrdDocInf><RfrdDocAmt><RmtdAmt Ccy="SEK">963.40</RmtdAmt></RfrdDocAmt></Strd><Strd><RfrdDocInf><Tp><CdOrPrtry><Cd>CINV</Cd></CdOrPrtry></Tp><Nb>1507036354234</Nb></RfrdDocInf><RfrdDocAmt><RmtdAmt Ccy="SEK">55806.91</RmtdAmt></RfrdDocAmt></Strd><Strd><RfrdDocInf><Tp><CdOrPrtry><Cd>CINV</Cd></CdOrPrtry></Tp><Nb>1507036350430</Nb></RfrdDocInf><RfrdDocAmt><RmtdAmt Ccy="SEK">2164.45</RmtdAmt></RfrdDocAmt></Strd><Strd><RfrdDocInf><Tp><CdOrPrtry><Cd>CINV</Cd></CdOrPrtry></Tp><Nb>1507036353236</Nb></RfrdDocInf><RfrdDocAmt><RmtdAmt Ccy="SEK">4510.55</RmtdAmt></RfrdDocAmt></Strd><Strd><RfrdDocInf><Tp><CdOrPrtry><Cd>CINV</Cd></CdOrPrtry></Tp><Nb>1507036352733</Nb></RfrdDocInf><RfrdDocAmt><RmtdAmt Ccy="SEK">49949.96</RmtdAmt></RfrdDocAmt></Strd><Strd><RfrdDocInf><Tp><CdOrPrtry><Cd>CINV</Cd></CdOrPrtry></Tp><Nb>1507036353335</Nb></RfrdDocInf><RfrdDocAmt><RmtdAmt Ccy="SEK">726.40</RmtdAmt></RfrdDocAmt></Strd><Strd><RfrdDocInf><Tp><CdOrPrtry><Cd>CINV</Cd></CdOrPrtry></Tp><Nb>1507036352238</Nb></RfrdDocInf><RfrdDocAmt><RmtdAmt Ccy="SEK">3194.20</RmtdAmt></RfrdDocAmt></Strd><Strd><RfrdDocInf><Tp><CdOrPrtry><Cd>CINV</Cd></CdOrPrtry></Tp><Nb>1507036352634</Nb></RfrdDocInf><RfrdDocAmt><RmtdAmt Ccy="SEK">48309.66</RmtdAmt></RfrdDocAmt></Strd><Strd><RfrdDocInf><Tp><CdOrPrtry><Cd>CINV</Cd></CdOrPrtry></Tp><Nb>1507036351131</Nb></RfrdDocInf><RfrdDocAmt><RmtdAmt Ccy="SEK">2693.39</RmtdAmt></RfrdDocAmt></Strd><Strd><RfrdDocInf><Tp><CdOrPrtry><Cd>CINV</Cd></CdOrPrtry></Tp><Nb>1507036351230</Nb></RfrdDocInf><RfrdDocAmt><RmtdAmt Ccy="SEK">33546.96</RmtdAmt></RfrdDocAmt></Strd><Strd><RfrdDocInf><Tp><CdOrPrtry><Cd>CINV</Cd></CdOrPrtry></Tp><Nb>1507036350935</Nb></RfrdDocInf><RfrdDocAmt><RmtdAmt Ccy="SEK">7638.39</RmtdAmt></RfrdDocAmt></Strd><Strd><RfrdDocInf><Tp><CdOrPrtry><Cd>CINV</Cd></CdOrPrtry></Tp><Nb>1507036354531</Nb></RfrdDocInf><RfrdDocAmt><RmtdAmt Ccy="SEK">1103.60</RmtdAmt></RfrdDocAmt></Strd><Strd><RfrdDocInf><Tp><CdOrPrtry><Cd>CINV</Cd></CdOrPrtry></Tp><Nb>1507036354036</Nb></RfrdDocInf><RfrdDocAmt><RmtdAmt Ccy="SEK">49949.96</RmtdAmt></RfrdDocAmt></Strd><Strd><RfrdDocInf><Tp><CdOrPrtry><Cd>CINV</Cd></CdOrPrtry></Tp><Nb>1507036352030</Nb></RfrdDocInf><RfrdDocAmt><RmtdAmt Ccy="SEK">6921.64</RmtdAmt></RfrdDocAmt></Strd><Strd><RfrdDocInf><Tp><CdOrPrtry><Cd>CINV</Cd></CdOrPrtry></Tp><Nb>1507036352139</Nb></RfrdDocInf><RfrdDocAmt><RmtdAmt Ccy="SEK">119306.57</RmtdAmt></RfrdDocAmt></Strd><Strd><RfrdDocInf><Tp><CdOrPrtry><Cd>CINV</Cd></CdOrPrtry></Tp><Nb>1507036351834</Nb></RfrdDocInf><RfrdDocAmt><RmtdAmt Ccy="SEK">28600.28</RmtdAmt></RfrdDocAmt></Strd><Strd><RfrdDocInf><Tp><CdOrPrtry><Cd>CINV</Cd></CdOrPrtry></Tp><Nb>1507036354135</Nb></RfrdDocInf><RfrdDocAmt><RmtdAmt Ccy="SEK">937.02</RmtdAmt></RfrdDocAmt></Strd><Strd><RfrdDocInf><Tp><CdOrPrtry><Cd>CINV</Cd></CdOrPrtry></Tp><Nb>1507036354630</Nb></RfrdDocInf><RfrdDocAmt><RmtdAmt Ccy="SEK">28869.88</RmtdAmt></RfrdDocAmt></Strd><Strd><RfrdDocInf><Tp><CdOrPrtry><Cd>CINV</Cd></CdOrPrtry></Tp><Nb>1507036351636</Nb></RfrdDocInf><RfrdDocAmt><RmtdAmt Ccy="SEK">59662.49</RmtdAmt></RfrdDocAmt></Strd><Strd><RfrdDocInf><Tp><CdOrPrtry><Cd>CINV</Cd></CdOrPrtry></Tp><Nb>1507036353434</Nb></RfrdDocInf><RfrdDocAmt><RmtdAmt Ccy="SEK">1817.93</RmtdAmt></RfrdDocAmt></Strd><Strd><RfrdDocInf><Tp><CdOrPrtry><Cd>CINV</Cd></CdOrPrtry></Tp><Nb>1507036352931</Nb></RfrdDocInf><RfrdDocAmt><RmtdAmt Ccy="SEK">3647.34</RmtdAmt></RfrdDocAmt></Strd><Strd><RfrdDocInf><Tp><CdOrPrtry><Cd>CINV</Cd></CdOrPrtry></Tp><Nb>1507036350638</Nb></RfrdDocInf><RfrdDocAmt><RmtdAmt Ccy="SEK">14150.55</RmtdAmt></RfrdDocAmt></Strd><Strd><RfrdDocInf><Tp><CdOrPrtry><Cd>CINV</Cd></CdOrPrtry></Tp><Nb>1507036351438</Nb></RfrdDocInf><RfrdDocAmt><RmtdAmt Ccy="SEK">10173.89</RmtdAmt></RfrdDocAmt></Strd><Strd><RfrdDocInf><Tp><CdOrPrtry><Cd>CINV</Cd></CdOrPrtry></Tp><Nb>1507036353830</Nb></RfrdDocInf><RfrdDocAmt><RmtdAmt Ccy="SEK">710.84</RmtdAmt></RfrdDocAmt></Strd><Strd><RfrdDocInf><Tp><CdOrPrtry><Cd>CINV</Cd></CdOrPrtry></Tp><Nb>1507036353939</Nb></RfrdDocInf><RfrdDocAmt><RmtdAmt Ccy="SEK">30365.15</RmtdAmt></RfrdDocAmt></Strd><Strd><RfrdDocInf><Tp><CdOrPrtry><Cd>CINV</Cd></CdOrPrtry></Tp><Nb>1507036350836</Nb></RfrdDocInf><RfrdDocAmt><RmtdAmt Ccy="SEK">57864.39</RmtdAmt></RfrdDocAmt></Strd><Strd><RfrdDocInf><Tp><CdOrPrtry><Cd>CINV</Cd></CdOrPrtry></Tp><Nb>1507036353731</Nb></RfrdDocInf><RfrdDocAmt><RmtdAmt Ccy="SEK">2216.79</RmtdAmt></RfrdDocAmt></Strd><Strd><RfrdDocInf><Tp><CdOrPrtry><Cd>CINV</Cd></CdOrPrtry></Tp><Nb>1507036351537</Nb></RfrdDocInf><RfrdDocAmt><RmtdAmt Ccy="SEK">827.12</RmtdAmt></RfrdDocAmt></Strd><Strd><RfrdDocInf><Tp><CdOrPrtry><Cd>CINV</Cd></CdOrPrtry></Tp><Nb>1507036352337</Nb></RfrdDocInf><RfrdDocAmt><RmtdAmt Ccy="SEK">33334.39</RmtdAmt></RfrdDocAmt></Strd><Strd><RfrdDocInf><Tp><CdOrPrtry><Cd>CINV</Cd></CdOrPrtry></Tp><Nb>1507036352436</Nb></RfrdDocInf><RfrdDocAmt><RmtdAmt Ccy="SEK">9102.95</RmtdAmt></RfrdDocAmt></Strd><Strd><RfrdDocInf><Tp><CdOrPrtry><Cd>CINV</Cd></CdOrPrtry></Tp><Nb>1507036350737</Nb></RfrdDocInf><RfrdDocAmt><RmtdAmt Ccy="SEK">13562.52</RmtdAmt></RfrdDocAmt></Strd><Strd><RfrdDocInf><Tp><CdOrPrtry><Cd>CINV</Cd></CdOrPrtry></Tp><Nb>1507036354333</Nb></RfrdDocInf><RfrdDocAmt><RmtdAmt Ccy="SEK">3888.23</RmtdAmt></RfrdDocAmt></Strd><Strd><RfrdDocInf><Tp><CdOrPrtry><Cd>CINV</Cd></CdOrPrtry></Tp><Nb>1507036352832</Nb></RfrdDocInf><RfrdDocAmt><RmtdAmt Ccy="SEK">792.19</RmtdAmt></RfrdDocAmt></Strd><Strd><RfrdDocInf><Tp><CdOrPrtry><Cd>CINV</Cd></CdOrPrtry></Tp><Nb>1507036352535</Nb></RfrdDocInf><RfrdDocAmt><RmtdAmt Ccy="SEK">5861.70</RmtdAmt></RfrdDocAmt></Strd><Strd><RfrdDocInf><Tp><CdOrPrtry><Cd>CINV</Cd></CdOrPrtry></Tp><Nb>1507036353038</Nb></RfrdDocInf><RfrdDocAmt><RmtdAmt Ccy="SEK">3281.66</RmtdAmt></RfrdDocAmt></Strd><Strd><RfrdDocInf><Tp><CdOrPrtry><Cd>CINV</Cd></CdOrPrtry></Tp><Nb>1507036353533</Nb></RfrdDocInf><RfrdDocAmt><RmtdAmt Ccy="SEK">2790.60</RmtdAmt></RfrdDocAmt></Strd><Strd><RfrdDocInf><Tp><CdOrPrtry><Cd>CINV</Cd></CdOrPrtry></Tp><Nb>18571202496048</Nb></RfrdDocInf><RfrdDocAmt><RmtdAmt Ccy="SEK">1257.00</RmtdAmt></RfrdDocAmt></Strd><Strd><RfrdDocInf><Tp><CdOrPrtry><Cd>CINV</Cd></CdOrPrtry></Tp><Nb>18571204936744</Nb></RfrdDocInf><RfrdDocAmt><RmtdAmt Ccy="SEK">198977.00</RmtdAmt></RfrdDocAmt></Strd><Strd><RfrdDocInf><Tp><CdOrPrtry><Cd>CINV</Cd></CdOrPrtry></Tp><Nb>18571204726749</Nb></RfrdDocInf><RfrdDocAmt><RmtdAmt Ccy="SEK">2329.00</RmtdAmt></RfrdDocAmt></Strd><Strd><RfrdDocInf><Tp><CdOrPrtry><Cd>CINV</Cd></CdOrPrtry></Tp><Nb>18571204409445</Nb></RfrdDocInf><RfrdDocAmt><RmtdAmt Ccy="SEK">127128.00</RmtdAmt></RfrdDocAmt></Strd><Strd><RfrdDocInf><Tp><CdOrPrtry><Cd>CINV</Cd></CdOrPrtry></Tp><Nb>18571204262646</Nb></RfrdDocInf><RfrdDocAmt><RmtdAmt Ccy="SEK">206.00</RmtdAmt></RfrdDocAmt></Strd><Strd><RfrdDocInf><Tp><CdOrPrtry><Cd>CINV</Cd></CdOrPrtry></Tp><Nb>18571203470141</Nb></RfrdDocInf><RfrdDocAmt><RmtdAmt Ccy="SEK">20268.00</RmtdAmt></RfrdDocAmt></Strd><Strd><RfrdDocInf><Tp><CdOrPrtry><Cd>CINV</Cd></CdOrPrtry></Tp><Nb>18571203378849</Nb></RfrdDocInf><RfrdDocAmt><RmtdAmt Ccy="SEK">2730.00</RmtdAmt></RfrdDocAmt></Strd><Strd><RfrdDocInf><Tp><CdOrPrtry><Cd>CINV</Cd></CdOrPrtry></Tp><Nb>18571202490645</Nb></RfrdDocInf><RfrdDocAmt><RmtdAmt Ccy="SEK">4827.00</RmtdAmt></RfrdDocAmt></Strd></RmtInf></TxDtls></NtryDtls><NtryDtls><TxDtls><Refs><AcctSvcrRef>202604287896187100000008</AcctSvcrRef></Refs><AmtDtls><TxAmt><Amt Ccy="SEK">16896.00</Amt></TxAmt></AmtDtls><RltdPties><Dbtr><Nm>REGION GÄVLEBORG</Nm><PstlAdr><PstCd>82681</PstCd><TwnNm>SÖDERHAMN</TwnNm><AdrLine>EKONOMISERVICE</AdrLine></PstlAdr><Id><OrgId><Othr><Id>2321000198</Id><SchmeNm><Cd>CUST</Cd></SchmeNm></Othr></OrgId></Id></Dbtr><DbtrAcct><Id><Othr><Id>50320050</Id><SchmeNm><Prtry>BGNR</Prtry></SchmeNm></Othr></Id></DbtrAcct><CdtrAcct><Id><Othr><Id>8817314</Id><SchmeNm><Prtry>BGNR</Prtry></SchmeNm></Othr></Id></CdtrAcct></RltdPties><RltdAgts><CdtrAgt><FinInstnId><BIC>SWEDSESS</BIC></FinInstnId></CdtrAgt></RltdAgts><RmtInf><Strd><RfrdDocInf><Tp><CdOrPrtry><Cd>CINV</Cd></CdOrPrtry></Tp><Nb>18571203719042</Nb></RfrdDocInf><RfrdDocAmt><RmtdAmt Ccy="SEK">16896.00</RmtdAmt></RfrdDocAmt></Strd></RmtInf></TxDtls></NtryDtls><NtryDtls><TxDtls><Refs><AcctSvcrRef>202604287896187100000009</AcctSvcrRef></Refs><AmtDtls><TxAmt><Amt Ccy="SEK">104946.50</Amt></TxAmt></AmtDtls><RltdPties><Dbtr><Nm>AMGEN AB</Nm><PstlAdr><PstCd>16927</PstCd><TwnNm>SOLNA</TwnNm><AdrLine>BOX 706</AdrLine></PstlAdr><Id><OrgId><Othr><Id>5565104212</Id><SchmeNm><Cd>CUST</Cd></SchmeNm></Othr></OrgId></Id></Dbtr><DbtrAcct><Id><Othr><Id>50963388</Id><SchmeNm><Prtry>BGNR</Prtry></SchmeNm></Othr></Id></DbtrAcct><CdtrAcct><Id><Othr><Id>8817314</Id><SchmeNm><Prtry>BGNR</Prtry></SchmeNm></Othr></Id></CdtrAcct></RltdPties><RltdAgts><CdtrAgt><FinInstnId><BIC>SWEDSESS</BIC></FinInstnId></CdtrAgt></RltdAgts><RmtInf><Strd><RfrdDocInf><Tp><CdOrPrtry><Cd>CINV</Cd></CdOrPrtry></Tp></RfrdDocInf><RfrdDocAmt><RmtdAmt Ccy="SEK">104946.50</RmtdAmt></RfrdDocAmt><AddtlRmtInf>12056287/12059802/12059803/12059828 12056287/12059802/12059803/12059828</AddtlRmtInf></Strd></RmtInf></TxDtls></NtryDtls><NtryDtls><TxDtls><Refs><AcctSvcrRef>202604287896187100000010</AcctSvcrRef></Refs><AmtDtls><TxAmt><Amt Ccy="SEK">1834.00</Amt></TxAmt></AmtDtls><RltdPties><Dbtr><Nm>VÄRMDÖ KOMMUN</Nm><PstlAdr><PstCd>13481</PstCd><TwnNm>GUSTAVSBERG</TwnNm></PstlAdr><Id><OrgId><Othr><Id>2120000035</Id><SchmeNm><Cd>CUST</Cd></SchmeNm></Othr></OrgId></Id></Dbtr><DbtrAcct><Id><Othr><Id>51082972</Id><SchmeNm><Prtry>BGNR</Prtry></SchmeNm></Othr></Id></DbtrAcct><CdtrAcct><Id><Othr><Id>8817314</Id><SchmeNm><Prtry>BGNR</Prtry></SchmeNm></Othr></Id></CdtrAcct></RltdPties><RltdAgts><CdtrAgt><FinInstnId><BIC>SWEDSESS</BIC></FinInstnId></CdtrAgt></RltdAgts><RmtInf><Strd><RfrdDocInf><Tp><CdOrPrtry><Cd>CINV</Cd></CdOrPrtry></Tp><Nb>18571202093449</Nb></RfrdDocInf><RfrdDocAmt><RmtdAmt Ccy="SEK">1834.00</RmtdAmt></RfrdDocAmt></Strd></RmtInf></TxDtls></NtryDtls><NtryDtls><TxDtls><Refs><AcctSvcrRef>202604287896187100000011</AcctSvcrRef></Refs><AmtDtls><TxAmt><Amt Ccy="SEK">8017.00</Amt></TxAmt></AmtDtls><RltdPties><Dbtr><Nm>Ryggkirurgiskt Centrum Stockholm AB</Nm><PstlAdr><StrtNm>Box 5605</StrtNm><PstCd>11485</PstCd><TwnNm>STOCKHOLM</TwnNm><AdrLine>c/o Sophiahemmet</AdrLine></PstlAdr><Id><OrgId><Othr><Id>5590609482</Id><SchmeNm><Cd>CUST</Cd></SchmeNm></Othr></OrgId></Id></Dbtr><DbtrAcct><Id><Othr><Id>51256238</Id><SchmeNm><Prtry>BGNR</Prtry></SchmeNm></Othr></Id></DbtrAcct><CdtrAcct><Id><Othr><Id>8817314</Id><SchmeNm><Prtry>BGNR</Prtry></SchmeNm></Othr></Id></CdtrAcct></RltdPties><RltdAgts><CdtrAgt><FinInstnId><BIC>SWEDSESS</BIC></FinInstnId></CdtrAgt></RltdAgts><RmtInf><Strd><RfrdDocInf><Tp><CdOrPrtry><Cd>CINV</Cd></CdOrPrtry></Tp><Nb>18571206675845</Nb></RfrdDocInf><RfrdDocAmt><RmtdAmt Ccy="SEK">600.00</RmtdAmt></RfrdDocAmt></Strd><Strd><RfrdDocInf><Tp><CdOrPrtry><Cd>CINV</Cd></CdOrPrtry></Tp><Nb>18571206892945</Nb></RfrdDocInf><RfrdDocAmt><RmtdAmt Ccy="SEK">7417.00</RmtdAmt></RfrdDocAmt></Strd></RmtInf></TxDtls></NtryDtls><NtryDtls><TxDtls><Refs><AcctSvcrRef>202604287896187100000012</AcctSvcrRef></Refs><AmtDtls><TxAmt><Amt Ccy="SEK">12297.00</Amt></TxAmt></AmtDtls><RltdPties><Dbtr><Nm>TÄBY KYRKBY HUSLÄKARMOTTAGNING AB</Nm><PstlAdr><PstCd>21120</PstCd><TwnNm>MALMÖ</TwnNm><AdrLine>Carlsgatan 6</AdrLine></PstlAdr><Id><OrgId><Othr><Id>5566003306</Id><SchmeNm><Cd>CUST</Cd></SchmeNm></Othr></OrgId></Id></Dbtr><DbtrAcct><Id><Othr><Id>51333953</Id><SchmeNm><Prtry>BGNR</Prtry></SchmeNm></Othr></Id></DbtrAcct><CdtrAcct><Id><Othr><Id>8817314</Id><SchmeNm><Prtry>BGNR</Prtry></SchmeNm></Othr></Id></CdtrAcct></RltdPties><RltdAgts><CdtrAgt><FinInstnId><BIC>SWEDSESS</BIC></FinInstnId></CdtrAgt></RltdAgts><RmtInf><Strd><RfrdDocInf><Tp><CdOrPrtry><Cd>CINV</Cd></CdOrPrtry></Tp><Nb>18571205387442</Nb></RfrdDocInf><RfrdDocAmt><RmtdAmt Ccy="SEK">12297.00</RmtdAmt></RfrdDocAmt></Strd></RmtInf></TxDtls></NtryDtls><NtryDtls><TxDtls><Refs><AcctSvcrRef>202604287896187100000013</AcctSvcrRef></Refs><AmtDtls><TxAmt><Amt Ccy="SEK">9508.00</Amt></TxAmt></AmtDtls><RltdPties><Dbtr><Nm>SLL STOCKHOLMS LÄNS SJUKVÅRDSOMRÅDE</Nm><PstlAdr><StrtNm>BOX 45436</StrtNm><PstCd>10431</PstCd><TwnNm>STOCKHOLM</TwnNm><AdrLine>EKONOMIAVDELNINGEN</AdrLine></PstlAdr><Id><OrgId><Othr><Id>2321000016</Id><SchmeNm><Cd>CUST</Cd></SchmeNm></Othr></OrgId></Id></Dbtr><DbtrAcct><Id><Othr><Id>52207636</Id><SchmeNm><Prtry>BGNR</Prtry></SchmeNm></Othr></Id></DbtrAcct><CdtrAcct><Id><Othr><Id>8817314</Id><SchmeNm><Prtry>BGNR</Prtry></SchmeNm></Othr></Id></CdtrAcct></RltdPties><RltdAgts><CdtrAgt><FinInstnId><BIC>SWEDSESS</BIC></FinInstnId></CdtrAgt></RltdAgts><RmtInf><Strd><RfrdDocInf><Tp><CdOrPrtry><Cd>CINV</Cd></CdOrPrtry></Tp><Nb>18571205027642</Nb></RfrdDocInf><RfrdDocAmt><RmtdAmt Ccy="SEK">9508.00</RmtdAmt></RfrdDocAmt></Strd></RmtInf></TxDtls></NtryDtls><NtryDtls><TxDtls><Refs><AcctSvcrRef>202604287896187100000014</AcctSvcrRef></Refs><AmtDtls><TxAmt><Amt Ccy="SEK">14859.00</Amt></TxAmt></AmtDtls><RltdPties><Dbtr><Nm>LIDETA MÄLARDALEN AB</Nm><PstlAdr><PstCd>21120</PstCd><TwnNm>MALMÖ</TwnNm><AdrLine>Carlsgatan 6</AdrLine></PstlAdr><Id><OrgId><Othr><Id>5591769723</Id><SchmeNm><Cd>CUST</Cd></SchmeNm></Othr></OrgId></Id></Dbtr><DbtrAcct><Id><Othr><Id>53202362</Id><SchmeNm><Prtry>BGNR</Prtry></SchmeNm></Othr></Id></DbtrAcct><CdtrAcct><Id><Othr><Id>8817314</Id><SchmeNm><Prtry>BGNR</Prtry></SchmeNm></Othr></Id></CdtrAcct></RltdPties><RltdAgts><CdtrAgt><FinInstnId><BIC>SWEDSESS</BIC></FinInstnId></CdtrAgt></RltdAgts><RmtInf><Strd><RfrdDocInf><Tp><CdOrPrtry><Cd>CINV</Cd></CdOrPrtry></Tp><Nb>18571205868946</Nb></RfrdDocInf><RfrdDocAmt><RmtdAmt Ccy="SEK">1144.00</RmtdAmt></RfrdDocAmt></Strd><Strd><RfrdDocInf><Tp><CdOrPrtry><Cd>CINV</Cd></CdOrPrtry></Tp><Nb>18571206096042</Nb></RfrdDocInf><RfrdDocAmt><RmtdAmt Ccy="SEK">5915.00</RmtdAmt></RfrdDocAmt></Strd><Strd><RfrdDocInf><Tp><CdOrPrtry><Cd>CINV</Cd></CdOrPrtry></Tp><Nb>18571205260847</Nb></RfrdDocInf><RfrdDocAmt><RmtdAmt Ccy="SEK">5041.00</RmtdAmt></RfrdDocAmt></Strd><Strd><RfrdDocInf><Tp><CdOrPrtry><Cd>CINV</Cd></CdOrPrtry></Tp><Nb>18571205272149</Nb></RfrdDocInf><RfrdDocAmt><RmtdAmt Ccy="SEK">769.00</RmtdAmt></RfrdDocAmt></Strd><Strd><RfrdDocInf><Tp><CdOrPrtry><Cd>CINV</Cd></CdOrPrtry></Tp><Nb>18571205212244</Nb></RfrdDocInf><RfrdDocAmt><RmtdAmt Ccy="SEK">626.00</RmtdAmt></RfrdDocAmt></Strd><Strd><RfrdDocInf><Tp><CdOrPrtry><Cd>CINV</Cd></CdOrPrtry></Tp><Nb>18571205354541</Nb></RfrdDocInf><RfrdDocAmt><RmtdAmt Ccy="SEK">713.00</RmtdAmt></RfrdDocAmt></Strd><Strd><RfrdDocInf><Tp><CdOrPrtry><Cd>CINV</Cd></CdOrPrtry></Tp><Nb>18571206098840</Nb></RfrdDocInf><RfrdDocAmt><RmtdAmt Ccy="SEK">651.00</RmtdAmt></RfrdDocAmt></Strd></RmtInf></TxDtls></NtryDtls><NtryDtls><TxDtls><Refs><AcctSvcrRef>202604287896187100000015</AcctSvcrRef></Refs><AmtDtls><TxAmt><Amt Ccy="SEK">3442.90</Amt></TxAmt></AmtDtls><RltdPties><Dbtr><Nm>MELLANNORRLANDS HOSPICE AB</Nm><PstlAdr><PstCd>85240</PstCd><TwnNm>SUNDSVALL</TwnNm><AdrLine>VÄXTHUSSTIGEN 7</AdrLine></PstlAdr><Id><OrgId><Othr><Id>5567015853</Id><SchmeNm><Cd>CUST</Cd></SchmeNm></Othr></OrgId></Id></Dbtr><DbtrAcct><Id><Othr><Id>55050223</Id><SchmeNm><Prtry>BGNR</Prtry></SchmeNm></Othr></Id></DbtrAcct><CdtrAcct><Id><Othr><Id>8817314</Id><SchmeNm><Prtry>BGNR</Prtry></SchmeNm></Othr></Id></CdtrAcct></RltdPties><RltdAgts><CdtrAgt><FinInstnId><BIC>SWEDSESS</BIC></FinInstnId></CdtrAgt></RltdAgts><RmtInf><Strd><RfrdDocInf><Tp><CdOrPrtry><Cd>CINV</Cd></CdOrPrtry></Tp><Nb>18571205731540</Nb></RfrdDocInf><RfrdDocAmt><RmtdAmt Ccy="SEK">3442.90</RmtdAmt></RfrdDocAmt></Strd></RmtInf></TxDtls></NtryDtls><NtryDtls><TxDtls><Refs><AcctSvcrRef>202604287896187100000016</AcctSvcrRef></Refs><AmtDtls><TxAmt><Amt Ccy="SEK">291004.57</Amt></TxAmt></AmtDtls><RltdPties><Dbtr><Nm>Region VÄSTERNORRLAND</Nm><PstlAdr><PstCd>88122</PstCd><TwnNm>SOLLEFTEÅ</TwnNm><AdrLine>Ekonomiservice LR</AdrLine></PstlAdr><Id><OrgId><Othr><Id>2321000206</Id><SchmeNm><Cd>CUST</Cd></SchmeNm></Othr></OrgId></Id></Dbtr><DbtrAcct><Id><Othr><Id>55142053</Id><SchmeNm><Prtry>BGNR</Prtry></SchmeNm></Othr></Id></DbtrAcct><CdtrAcct><Id><Othr><Id>8817314</Id><SchmeNm><Prtry>BGNR</Prtry></SchmeNm></Othr></Id></CdtrAcct></RltdPties><RltdAgts><CdtrAgt><FinInstnId><BIC>SWEDSESS</BIC></FinInstnId></CdtrAgt></RltdAgts><RmtInf><Strd><RfrdDocInf><Tp><CdOrPrtry><Cd>CINV</Cd></CdOrPrtry></Tp><Nb>18571205948540</Nb></RfrdDocInf><RfrdDocAmt><RmtdAmt Ccy="SEK">28616.89</RmtdAmt></RfrdDocAmt></Strd><Strd><RfrdDocInf><Tp><CdOrPrtry><Cd>CINV</Cd></CdOrPrtry></Tp><Nb>18571205957640</Nb></RfrdDocInf><RfrdDocAmt><RmtdAmt Ccy="SEK">378.25</RmtdAmt></RfrdDocAmt></Strd><Strd><RfrdDocInf><Tp><CdOrPrtry><Cd>CINV</Cd></CdOrPrtry></Tp><Nb>18571205948144</Nb></RfrdDocInf><RfrdDocAmt><RmtdAmt Ccy="SEK">1248.50</RmtdAmt></RfrdDocAmt></Strd><Strd><RfrdDocInf><Tp><CdOrPrtry><Cd>CINV</Cd></CdOrPrtry></Tp><Nb>18571205933542</Nb></RfrdDocInf><RfrdDocAmt><RmtdAmt Ccy="SEK">2734.30</RmtdAmt></RfrdDocAmt></Strd><Strd><RfrdDocInf><Tp><CdOrPrtry><Cd>CINV</Cd></CdOrPrtry></Tp><Nb>18571205947740</Nb></RfrdDocInf><RfrdDocAmt><RmtdAmt Ccy="SEK">8770.25</RmtdAmt></RfrdDocAmt></Strd><Strd><RfrdDocInf><Tp><CdOrPrtry><Cd>CINV</Cd></CdOrPrtry></Tp><Nb>18571205947641</Nb></RfrdDocInf><RfrdDocAmt><RmtdAmt Ccy="SEK">143.59</RmtdAmt></RfrdDocAmt></Strd><Strd><RfrdDocInf><Tp><CdOrPrtry><Cd>CINV</Cd></CdOrPrtry></Tp><Nb>18571205930944</Nb></RfrdDocInf><RfrdDocAmt><RmtdAmt Ccy="SEK">6953.25</RmtdAmt></RfrdDocAmt></Strd><Strd><RfrdDocInf><Tp><CdOrPrtry><Cd>CINV</Cd></CdOrPrtry></Tp><Nb>18571205924343</Nb></RfrdDocInf><RfrdDocAmt><RmtdAmt Ccy="SEK">6419.96</RmtdAmt></RfrdDocAmt></Strd><Strd><RfrdDocInf><Tp><CdOrPrtry><Cd>CINV</Cd></CdOrPrtry></Tp><Nb>18571205930142</Nb></RfrdDocInf><RfrdDocAmt><RmtdAmt Ccy="SEK">345.76</RmtdAmt></RfrdDocAmt></Strd><Strd><RfrdDocInf><Tp><CdOrPrtry><Cd>CINV</Cd></CdOrPrtry></Tp><Nb>18571205918246</Nb></RfrdDocInf><RfrdDocAmt><RmtdAmt Ccy="SEK">3033.43</RmtdAmt></RfrdDocAmt></Strd><Strd><RfrdDocInf><Tp><CdOrPrtry><Cd>CINV</Cd></CdOrPrtry></Tp><Nb>18571205925142</Nb></RfrdDocInf><RfrdDocAmt><RmtdAmt Ccy="SEK">7866.25</RmtdAmt></RfrdDocAmt></Strd><Strd><RfrdDocInf><Tp><CdOrPrtry><Cd>CINV</Cd></CdOrPrtry></Tp><Nb>18571205909542</Nb></RfrdDocInf><RfrdDocAmt><RmtdAmt Ccy="SEK">4977.36</RmtdAmt></RfrdDocAmt></Strd><Strd><RfrdDocInf><Tp><CdOrPrtry><Cd>CINV</Cd></CdOrPrtry></Tp><Nb>18571205913346</Nb></RfrdDocInf><RfrdDocAmt><RmtdAmt Ccy="SEK">1166.25</RmtdAmt></RfrdDocAmt></Strd><Strd><RfrdDocInf><Tp><CdOrPrtry><Cd>CINV</Cd></CdOrPrtry></Tp><Nb>18571205901747</Nb></RfrdDocInf><RfrdDocAmt><RmtdAmt Ccy="SEK">751.33</RmtdAmt></RfrdDocAmt></Strd><Strd><RfrdDocInf><Tp><CdOrPrtry><Cd>CINV</Cd></CdOrPrtry></Tp><Nb>18571205914641</Nb></RfrdDocInf><RfrdDocAmt><RmtdAmt Ccy="SEK">7805.20</RmtdAmt></RfrdDocAmt></Strd><Strd><RfrdDocInf><Tp><CdOrPrtry><Cd>CINV</Cd></CdOrPrtry></Tp><Nb>18571205850746</Nb></RfrdDocInf><RfrdDocAmt><RmtdAmt Ccy="SEK">574.30</RmtdAmt></RfrdDocAmt></Strd><Strd><RfrdDocInf><Tp><CdOrPrtry><Cd>CINV</Cd></CdOrPrtry></Tp><Nb>18571205916349</Nb></RfrdDocInf><RfrdDocAmt><RmtdAmt Ccy="SEK">934.81</RmtdAmt></RfrdDocAmt></Strd><Strd><RfrdDocInf><Tp><CdOrPrtry><Cd>CINV</Cd></CdOrPrtry></Tp><Nb>18571205844145</Nb></RfrdDocInf><RfrdDocAmt><RmtdAmt Ccy="SEK">658.25</RmtdAmt></RfrdDocAmt></Strd><Strd><RfrdDocInf><Tp><CdOrPrtry><Cd>CINV</Cd></CdOrPrtry></Tp><Nb>18571205833940</Nb></RfrdDocInf><RfrdDocAmt><RmtdAmt Ccy="SEK">281.05</RmtdAmt></RfrdDocAmt></Strd><Strd><RfrdDocInf><Tp><CdOrPrtry><Cd>CINV</Cd></CdOrPrtry></Tp><Nb>18571205832546</Nb></RfrdDocInf><RfrdDocAmt><RmtdAmt Ccy="SEK">134.50</RmtdAmt></RfrdDocAmt></Strd><Strd><RfrdDocInf><Tp><CdOrPrtry><Cd>CINV</Cd></CdOrPrtry></Tp><Nb>18571205828049</Nb></RfrdDocInf><RfrdDocAmt><RmtdAmt Ccy="SEK">10196.04</RmtdAmt></RfrdDocAmt></Strd><Strd><RfrdDocInf><Tp><CdOrPrtry><Cd>CINV</Cd></CdOrPrtry></Tp><Nb>18571205826142</Nb></RfrdDocInf><RfrdDocAmt><RmtdAmt Ccy="SEK">8679.60</RmtdAmt></RfrdDocAmt></Strd><Strd><RfrdDocInf><Tp><CdOrPrtry><Cd>CINV</Cd></CdOrPrtry></Tp><Nb>18571205832140</Nb></RfrdDocInf><RfrdDocAmt><RmtdAmt Ccy="SEK">10576.99</RmtdAmt></RfrdDocAmt></Strd><Strd><RfrdDocInf><Tp><CdOrPrtry><Cd>CINV</Cd></CdOrPrtry></Tp><Nb>18571205823446</Nb></RfrdDocInf><RfrdDocAmt><RmtdAmt Ccy="SEK">1166.25</RmtdAmt></RfrdDocAmt></Strd><Strd><RfrdDocInf><Tp><CdOrPrtry><Cd>CINV</Cd></CdOrPrtry></Tp><Nb>18571205799745</Nb></RfrdDocInf><RfrdDocAmt><RmtdAmt Ccy="SEK">323.27</RmtdAmt></RfrdDocAmt></Strd><Strd><RfrdDocInf><Tp><CdOrPrtry><Cd>CINV</Cd></CdOrPrtry></Tp><Nb>18571205791643</Nb></RfrdDocInf><RfrdDocAmt><RmtdAmt Ccy="SEK">537.50</RmtdAmt></RfrdDocAmt></Strd><Strd><RfrdDocInf><Tp><CdOrPrtry><Cd>CINV</Cd></CdOrPrtry></Tp><Nb>18571205677149</Nb></RfrdDocInf><RfrdDocAmt><RmtdAmt Ccy="SEK">27996.52</RmtdAmt></RfrdDocAmt></Strd><Strd><RfrdDocInf><Tp><CdOrPrtry><Cd>CINV</Cd></CdOrPrtry></Tp><Nb>18571205783343</Nb></RfrdDocInf><RfrdDocAmt><RmtdAmt Ccy="SEK">6171.76</RmtdAmt></RfrdDocAmt></Strd><Strd><RfrdDocInf><Tp><CdOrPrtry><Cd>CINV</Cd></CdOrPrtry></Tp><Nb>18571205797640</Nb></RfrdDocInf><RfrdDocAmt><RmtdAmt Ccy="SEK">1145.70</RmtdAmt></RfrdDocAmt></Strd><Strd><RfrdDocInf><Tp><CdOrPrtry><Cd>CINV</Cd></CdOrPrtry></Tp><Nb>18571205780745</Nb></RfrdDocInf><RfrdDocAmt><RmtdAmt Ccy="SEK">11464.50</RmtdAmt></RfrdDocAmt></Strd><Strd><RfrdDocInf><Tp><CdOrPrtry><Cd>CINV</Cd></CdOrPrtry></Tp><Nb>18571205773849</Nb></RfrdDocInf><RfrdDocAmt><RmtdAmt Ccy="SEK">903.00</RmtdAmt></RfrdDocAmt></Strd><Strd><RfrdDocInf><Tp><CdOrPrtry><Cd>CINV</Cd></CdOrPrtry></Tp><Nb>18571205763741</Nb></RfrdDocInf><RfrdDocAmt><RmtdAmt Ccy="SEK">2543.29</RmtdAmt></RfrdDocAmt></Strd><Strd><RfrdDocInf><Tp><CdOrPrtry><Cd>CINV</Cd></CdOrPrtry></Tp><Nb>18571205753940</Nb></RfrdDocInf><RfrdDocAmt><RmtdAmt Ccy="SEK">9886.05</RmtdAmt></RfrdDocAmt></Strd><Strd><RfrdDocInf><Tp><CdOrPrtry><Cd>CINV</Cd></CdOrPrtry></Tp><Nb>18571205756448</Nb></RfrdDocInf><RfrdDocAmt><RmtdAmt Ccy="SEK">2673.38</RmtdAmt></RfrdDocAmt></Strd><Strd><RfrdDocInf><Tp><CdOrPrtry><Cd>CINV</Cd></CdOrPrtry></Tp><Nb>18571205749047</Nb></RfrdDocInf><RfrdDocAmt><RmtdAmt Ccy="SEK">10944.00</RmtdAmt></RfrdDocAmt></Strd><Strd><RfrdDocInf><Tp><CdOrPrtry><Cd>CINV</Cd></CdOrPrtry></Tp><Nb>18571205741846</Nb></RfrdDocInf><RfrdDocAmt><RmtdAmt Ccy="SEK">8793.17</RmtdAmt></RfrdDocAmt></Strd><Strd><RfrdDocInf><Tp><CdOrPrtry><Cd>CINV</Cd></CdOrPrtry></Tp><Nb>18571205742240</Nb></RfrdDocInf><RfrdDocAmt><RmtdAmt Ccy="SEK">2043.42</RmtdAmt></RfrdDocAmt></Strd><Strd><RfrdDocInf><Tp><CdOrPrtry><Cd>CINV</Cd></CdOrPrtry></Tp><Nb>18571205745243</Nb></RfrdDocInf><RfrdDocAmt><RmtdAmt Ccy="SEK">4557.32</RmtdAmt></RfrdDocAmt></Strd><Strd><RfrdDocInf><Tp><CdOrPrtry><Cd>CINV</Cd></CdOrPrtry></Tp><Nb>18571205734049</Nb></RfrdDocInf><RfrdDocAmt><RmtdAmt Ccy="SEK">5840.00</RmtdAmt></RfrdDocAmt></Strd><Strd><RfrdDocInf><Tp><CdOrPrtry><Cd>CINV</Cd></CdOrPrtry></Tp><Nb>18571205708647</Nb></RfrdDocInf><RfrdDocAmt><RmtdAmt Ccy="SEK">10643.75</RmtdAmt></RfrdDocAmt></Strd><Strd><RfrdDocInf><Tp><CdOrPrtry><Cd>CINV</Cd></CdOrPrtry></Tp><Nb>18571205724040</Nb></RfrdDocInf><RfrdDocAmt><RmtdAmt Ccy="SEK">6438.50</RmtdAmt></RfrdDocAmt></Strd><Strd><RfrdDocInf><Tp><CdOrPrtry><Cd>CINV</Cd></CdOrPrtry></Tp><Nb>18571205725047</Nb></RfrdDocInf><RfrdDocAmt><RmtdAmt Ccy="SEK">173.45</RmtdAmt></RfrdDocAmt></Strd><Strd><RfrdDocInf><Tp><CdOrPrtry><Cd>CINV</Cd></CdOrPrtry></Tp><Nb>18571205724941</Nb></RfrdDocInf><RfrdDocAmt><RmtdAmt Ccy="SEK">827.57</RmtdAmt></RfrdDocAmt></Strd><Strd><RfrdDocInf><Tp><CdOrPrtry><Cd>CINV</Cd></CdOrPrtry></Tp><Nb>18571205698244</Nb></RfrdDocInf><RfrdDocAmt><RmtdAmt Ccy="SEK">4080.32</RmtdAmt></RfrdDocAmt></Strd><Strd><RfrdDocInf><Tp><CdOrPrtry><Cd>CINV</Cd></CdOrPrtry></Tp><Nb>18571205714140</Nb></RfrdDocInf><RfrdDocAmt><RmtdAmt Ccy="SEK">1374.78</RmtdAmt></RfrdDocAmt></Strd><Strd><RfrdDocInf><Tp><CdOrPrtry><Cd>CINV</Cd></CdOrPrtry></Tp><Nb>18571205704141</Nb></RfrdDocInf><RfrdDocAmt><RmtdAmt Ccy="SEK">462.50</RmtdAmt></RfrdDocAmt></Strd><Strd><RfrdDocInf><Tp><CdOrPrtry><Cd>CINV</Cd></CdOrPrtry></Tp><Nb>18571205698442</Nb></RfrdDocInf><RfrdDocAmt><RmtdAmt Ccy="SEK">8015.96</RmtdAmt></RfrdDocAmt></Strd><Strd><RfrdDocInf><Tp><CdOrPrtry><Cd>CINV</Cd></CdOrPrtry></Tp><Nb>18571205695240</Nb></RfrdDocInf><RfrdDocAmt><RmtdAmt Ccy="SEK">1557.85</RmtdAmt></RfrdDocAmt></Strd><Strd><RfrdDocInf><Tp><CdOrPrtry><Cd>CINV</Cd></CdOrPrtry></Tp><Nb>18571205679749</Nb></RfrdDocInf><RfrdDocAmt><RmtdAmt Ccy="SEK">25582.00</RmtdAmt></RfrdDocAmt></Strd><Strd><RfrdDocInf><Tp><CdOrPrtry><Cd>CINV</Cd></CdOrPrtry></Tp><Nb>18571205677743</Nb></RfrdDocInf><RfrdDocAmt><RmtdAmt Ccy="SEK">3099.09</RmtdAmt></RfrdDocAmt></Strd><Strd><RfrdDocInf><Tp><CdOrPrtry><Cd>CINV</Cd></CdOrPrtry></Tp><Nb>18571205661846</Nb></RfrdDocInf><RfrdDocAmt><RmtdAmt Ccy="SEK">2316.16</RmtdAmt></RfrdDocAmt></Strd><Strd><RfrdDocInf><Tp><CdOrPrtry><Cd>CINV</Cd></CdOrPrtry></Tp><Nb>18570036099242</Nb></RfrdDocInf><RfrdDocAmt><RmtdAmt Ccy="SEK">15165.60</RmtdAmt></RfrdDocAmt></Strd><Strd><RfrdDocInf><Tp><CdOrPrtry><Cd>CINV</Cd></CdOrPrtry></Tp><Nb>18571204525240</Nb></RfrdDocInf><RfrdDocAmt><RmtdAmt Ccy="SEK">1031.80</RmtdAmt></RfrdDocAmt></Strd></RmtInf></TxDtls></NtryDtls><NtryDtls><TxDtls><Refs><AcctSvcrRef>202604287896187100000017</AcctSvcrRef></Refs><AmtDtls><TxAmt><Amt Ccy="SEK">1989.00</Amt></TxAmt></AmtDtls><RltdPties><Dbtr><Nm>ATTENDO SVERIGE AB</Nm><PstlAdr><PstCd>18291</PstCd><TwnNm>DANDERYD</TwnNm><AdrLine>VENDEVÄGEN 85 B</AdrLine></PstlAdr><Id><OrgId><Othr><Id>5561485169</Id><SchmeNm><Cd>CUST</Cd></SchmeNm></Othr></OrgId></Id></Dbtr><DbtrAcct><Id><Othr><Id>57950412</Id><SchmeNm><Prtry>BGNR</Prtry></SchmeNm></Othr></Id></DbtrAcct><CdtrAcct><Id><Othr><Id>8817314</Id><SchmeNm><Prtry>BGNR</Prtry></SchmeNm></Othr></Id></CdtrAcct></RltdPties><RltdAgts><CdtrAgt><FinInstnId><BIC>SWEDSESS</BIC></FinInstnId></CdtrAgt></RltdAgts><RmtInf><Strd><RfrdDocInf><Tp><CdOrPrtry><Cd>CINV</Cd></CdOrPrtry></Tp><Nb>18571205207145</Nb></RfrdDocInf><RfrdDocAmt><RmtdAmt Ccy="SEK">1229.00</RmtdAmt></RfrdDocAmt></Strd><Strd><RfrdDocInf><Tp><CdOrPrtry><Cd>CINV</Cd></CdOrPrtry></Tp><Nb>18571205206741</Nb></RfrdDocInf><RfrdDocAmt><RmtdAmt Ccy="SEK">383.00</RmtdAmt></RfrdDocAmt></Strd><Strd><RfrdDocInf><Tp><CdOrPrtry><Cd>CINV</Cd></CdOrPrtry></Tp><Nb>18571205245442</Nb></RfrdDocInf><RfrdDocAmt><RmtdAmt Ccy="SEK">377.00</RmtdAmt></RfrdDocAmt></Strd></RmtInf></TxDtls></NtryDtls><NtryDtls><TxDtls><Refs><AcctSvcrRef>202604287896187100000018</AcctSvcrRef></Refs><AmtDtls><TxAmt><Amt Ccy="SEK">9611.00</Amt></TxAmt></AmtDtls><RltdPties><Dbtr><Nm>BOTVIDS VÅRDCENTRAL AB</Nm><PstlAdr><StrtNm>Smedstuguplan 9</StrtNm><PstCd>60213</PstCd><TwnNm>NORRKÖPING</TwnNm><AdrLine>c/o Altera Domi AB</AdrLine></PstlAdr><Id><OrgId><Othr><Id>5593277857</Id><SchmeNm><Cd>CUST</Cd></SchmeNm></Othr></OrgId></Id></Dbtr><DbtrAcct><Id><Othr><Id>57960320</Id><SchmeNm><Prtry>BGNR</Prtry></SchmeNm></Othr></Id></DbtrAcct><CdtrAcct><Id><Othr><Id>8817314</Id><SchmeNm><Prtry>BGNR</Prtry></SchmeNm></Othr></Id></CdtrAcct></RltdPties><RltdAgts><CdtrAgt><FinInstnId><BIC>SWEDSESS</BIC></FinInstnId></CdtrAgt></RltdAgts><RmtInf><Strd><RfrdDocInf><Tp><CdOrPrtry><Cd>CINV</Cd></CdOrPrtry></Tp><Nb>18571206122947</Nb></RfrdDocInf><RfrdDocAmt><RmtdAmt Ccy="SEK">5476.00</RmtdAmt></RfrdDocAmt></Strd><Strd><RfrdDocInf><Tp><CdOrPrtry><Cd>CINV</Cd></CdOrPrtry></Tp><Nb>18571206027542</Nb></RfrdDocInf><RfrdDocAmt><RmtdAmt Ccy="SEK">3780.00</RmtdAmt></RfrdDocAmt></Strd><Strd><RfrdDocInf><Tp><CdOrPrtry><Cd>CINV</Cd></CdOrPrtry></Tp><Nb>18571206171043</Nb></RfrdDocInf><RfrdDocAmt><RmtdAmt Ccy="SEK">355.00</RmtdAmt></RfrdDocAmt></Strd></RmtInf></TxDtls></NtryDtls><NtryDtls><TxDtls><Refs><AcctSvcrRef>202604287896187100000019</AcctSvcrRef></Refs><AmtDtls><TxAmt><Amt Ccy="SEK">35349.00</Amt></TxAmt></AmtDtls><RltdPties><Dbtr><Nm>FOLKTANDVÅRDEN STOCKHOLMS LÄN AB</Nm><PstlAdr><StrtNm>BOX 6420</StrtNm><PstCd>11382</PstCd><TwnNm>STOCKHOLM</TwnNm><AdrLine>EK.AVD / HUVUDKONTORET</AdrLine></PstlAdr><Id><OrgId><Othr><Id>5565743597</Id><SchmeNm><Cd>CUST</Cd></SchmeNm></Othr></OrgId></Id></Dbtr><DbtrAcct><Id><Othr><Id>59195123</Id><SchmeNm><Prtry>BGNR</Prtry></SchmeNm></Othr></Id></DbtrAcct><CdtrAcct><Id><Othr><Id>8817314</Id><SchmeNm><Prtry>BGNR</Prtry></SchmeNm></Othr></Id></CdtrAcct></RltdPties><RltdAgts><CdtrAgt><FinInstnId><BIC>SWEDSESS</BIC></FinInstnId></CdtrAgt></RltdAgts><RmtInf><Strd><RfrdDocInf><Tp><CdOrPrtry><Cd>CINV</Cd></CdOrPrtry></Tp><Nb>18571205588049</Nb></RfrdDocInf><RfrdDocAmt><RmtdAmt Ccy="SEK">5613.00</RmtdAmt></RfrdDocAmt></Strd><Strd><RfrdDocInf><Tp><CdOrPrtry><Cd>CINV</Cd></CdOrPrtry></Tp><Nb>18571205414444</Nb></RfrdDocInf><RfrdDocAmt><RmtdAmt Ccy="SEK">8960.00</RmtdAmt></RfrdDocAmt></Strd><Strd><RfrdDocInf><Tp><CdOrPrtry><Cd>CINV</Cd></CdOrPrtry></Tp><Nb>18571205493349</Nb></RfrdDocInf><RfrdDocAmt><RmtdAmt Ccy="SEK">5706.00</RmtdAmt></RfrdDocAmt></Strd><Strd><RfrdDocInf><Tp><CdOrPrtry><Cd>CINV</Cd></CdOrPrtry></Tp><Nb>18571205375843</Nb></RfrdDocInf><RfrdDocAmt><RmtdAmt Ccy="SEK">8812.00</RmtdAmt></RfrdDocAmt></Strd><Strd><RfrdDocInf><Tp><CdOrPrtry><Cd>CINV</Cd></CdOrPrtry></Tp><Nb>18571205549645</Nb></RfrdDocInf><RfrdDocAmt><RmtdAmt Ccy="SEK">4349.00</RmtdAmt></RfrdDocAmt></Strd><Strd><RfrdDocInf><Tp><CdOrPrtry><Cd>CINV</Cd></CdOrPrtry></Tp><Nb>18571205460942</Nb></RfrdDocInf><RfrdDocAmt><RmtdAmt Ccy="SEK">1909.00</RmtdAmt></RfrdDocAmt></Strd></RmtInf></TxDtls></NtryDtls></Ntry></Ntfctn></BkToCstmrDbtCdtNtfctn></Document>